%YAML 1.1
%TAG !u! tag:unity3d.com,2011:
--- !u!1 &729897287641381960
GameObject:
  m_ObjectHideFlags: 0
  m_CorrespondingSourceObject: {fileID: 0}
  m_PrefabInstance: {fileID: 0}
  m_PrefabAsset: {fileID: 0}
  serializedVersion: 6
  m_Component:
  - component: {fileID: 1767818291672115559}
  m_Layer: 0
  m_Name: Arm_L_end
  m_TagString: Untagged
  m_Icon: {fileID: 0}
  m_NavMeshLayer: 0
  m_StaticEditorFlags: 0
  m_IsActive: 1
--- !u!4 &1767818291672115559
Transform:
  m_ObjectHideFlags: 0
  m_CorrespondingSourceObject: {fileID: 0}
  m_PrefabInstance: {fileID: 0}
  m_PrefabAsset: {fileID: 0}
  m_GameObject: {fileID: 729897287641381960}
  m_LocalRotation: {x: 0, y: -0, z: -0, w: 1}
  m_LocalPosition: {x: -0, y: 0.004666399, z: 0}
  m_LocalScale: {x: 1, y: 1, z: 1}
  m_ConstrainProportionsScale: 0
  m_Children: []
  m_Father: {fileID: 462205607476073899}
  m_RootOrder: 0
  m_LocalEulerAnglesHint: {x: 0, y: 0, z: 0}
--- !u!1 &1284857878093042239
GameObject:
  m_ObjectHideFlags: 0
  m_CorrespondingSourceObject: {fileID: 0}
  m_PrefabInstance: {fileID: 0}
  m_PrefabAsset: {fileID: 0}
  serializedVersion: 6
  m_Component:
  - component: {fileID: 6527416449332703517}
  m_Layer: 0
  m_Name: Leg_L_end
  m_TagString: Untagged
  m_Icon: {fileID: 0}
  m_NavMeshLayer: 0
  m_StaticEditorFlags: 0
  m_IsActive: 1
--- !u!4 &6527416449332703517
Transform:
  m_ObjectHideFlags: 0
  m_CorrespondingSourceObject: {fileID: 0}
  m_PrefabInstance: {fileID: 0}
  m_PrefabAsset: {fileID: 0}
  m_GameObject: {fileID: 1284857878093042239}
  m_LocalRotation: {x: 0, y: -0, z: -0, w: 1}
  m_LocalPosition: {x: -0, y: 0.0044850074, z: 0}
  m_LocalScale: {x: 1, y: 1, z: 1}
  m_ConstrainProportionsScale: 0
  m_Children: []
  m_Father: {fileID: 4905338626004612735}
  m_RootOrder: 0
  m_LocalEulerAnglesHint: {x: 0, y: 0, z: 0}
--- !u!1 &1514764471319745965
GameObject:
  m_ObjectHideFlags: 0
  m_CorrespondingSourceObject: {fileID: 0}
  m_PrefabInstance: {fileID: 0}
  m_PrefabAsset: {fileID: 0}
  serializedVersion: 6
  m_Component:
  - component: {fileID: 462205607476073899}
  m_Layer: 0
  m_Name: Arm_L
  m_TagString: Untagged
  m_Icon: {fileID: 0}
  m_NavMeshLayer: 0
  m_StaticEditorFlags: 0
  m_IsActive: 1
--- !u!4 &462205607476073899
Transform:
  m_ObjectHideFlags: 0
  m_CorrespondingSourceObject: {fileID: 0}
  m_PrefabInstance: {fileID: 0}
  m_PrefabAsset: {fileID: 0}
  m_GameObject: {fileID: 1514764471319745965}
  m_LocalRotation: {x: 0.00056226033, y: -0.009623857, z: 0.760828, w: 0.648882}
  m_LocalPosition: {x: -0.0020393261, y: 0.0047421474, z: -0.00011554399}
  m_LocalScale: {x: 1.0000001, y: 0.99999994, z: 1}
  m_ConstrainProportionsScale: 0
  m_Children:
  - {fileID: 1767818291672115559}
  m_Father: {fileID: 7870224232021897224}
  m_RootOrder: 0
  m_LocalEulerAnglesHint: {x: 0, y: 0, z: 0}
--- !u!1 &1677980185218731419
GameObject:
  m_ObjectHideFlags: 0
  m_CorrespondingSourceObject: {fileID: 0}
  m_PrefabInstance: {fileID: 0}
  m_PrefabAsset: {fileID: 0}
  serializedVersion: 6
  m_Component:
  - component: {fileID: 8332697761741064786}
  - component: {fileID: 7040182348733120219}
  m_Layer: 0
  m_Name: Legs
  m_TagString: Untagged
  m_Icon: {fileID: 0}
  m_NavMeshLayer: 0
  m_StaticEditorFlags: 0
  m_IsActive: 1
--- !u!4 &8332697761741064786
Transform:
  m_ObjectHideFlags: 0
  m_CorrespondingSourceObject: {fileID: 0}
  m_PrefabInstance: {fileID: 0}
  m_PrefabAsset: {fileID: 0}
  m_GameObject: {fileID: 1677980185218731419}
  m_LocalRotation: {x: -0.7071068, y: 0, z: -0, w: 0.7071067}
  m_LocalPosition: {x: 0.23096733, y: 0.31180733, z: 0}
  m_LocalScale: {x: 15.092966, y: 15.092966, z: 61.5861}
  m_ConstrainProportionsScale: 0
  m_Children: []
  m_Father: {fileID: 4835439547240406518}
  m_RootOrder: 1
  m_LocalEulerAnglesHint: {x: 0, y: 0, z: 0}
--- !u!137 &7040182348733120219
SkinnedMeshRenderer:
  m_ObjectHideFlags: 0
  m_CorrespondingSourceObject: {fileID: 0}
  m_PrefabInstance: {fileID: 0}
  m_PrefabAsset: {fileID: 0}
  m_GameObject: {fileID: 1677980185218731419}
  m_Enabled: 1
  m_CastShadows: 1
  m_ReceiveShadows: 1
  m_DynamicOccludee: 1
  m_StaticShadowCaster: 0
  m_MotionVectors: 1
  m_LightProbeUsage: 1
  m_ReflectionProbeUsage: 1
  m_RayTracingMode: 3
  m_RayTraceProcedural: 0
  m_RenderingLayerMask: 1
  m_RendererPriority: 0
  m_Materials:
  - {fileID: 2100000, guid: 8ced3e10b087e4c4f810acd1c9b1e349, type: 2}
  - {fileID: 2100000, guid: ad7d5fa91331e6d4fb27bf0774b591be, type: 2}
  - {fileID: 2100000, guid: 48605b6ac65c45b41b124a65a564bd87, type: 2}
  m_StaticBatchInfo:
    firstSubMesh: 0
    subMeshCount: 0
  m_StaticBatchRoot: {fileID: 0}
  m_ProbeAnchor: {fileID: 0}
  m_LightProbeVolumeOverride: {fileID: 0}
  m_ScaleInLightmap: 1
  m_ReceiveGI: 1
  m_PreserveUVs: 0
  m_IgnoreNormalsForChartDetection: 0
  m_ImportantGI: 0
  m_StitchLightmapSeams: 1
  m_SelectedEditorRenderState: 3
  m_MinimumChartSize: 4
  m_AutoUVMaxDistance: 0.5
  m_AutoUVMaxAngle: 89
  m_LightmapParameters: {fileID: 0}
  m_SortingLayerID: 0
  m_SortingLayer: 0
  m_SortingOrder: 0
  serializedVersion: 2
  m_Quality: 0
  m_UpdateWhenOffscreen: 0
  m_SkinnedMotionVectors: 1
  m_Mesh: {fileID: 5949695006547949565, guid: 94a5ff4932df6d3429efea5fbe5b55a3, type: 3}
  m_Bones:
  - {fileID: 3287098138759057375}
  - {fileID: 8907152170272668668}
  - {fileID: 7870224232021897224}
  - {fileID: 5102884703731407345}
  - {fileID: 2136720529742648656}
  - {fileID: 462205607476073899}
  - {fileID: 4905338626004612735}
  m_BlendShapeWeights: []
  m_RootBone: {fileID: 3287098138759057375}
  m_AABB:
    m_Center: {x: 0.00017439364, y: 0.0055082627, z: -0.0006159246}
    m_Extent: {x: 0.007644104, y: 0.009934159, z: 0.0041462677}
  m_DirtyAABB: 0
--- !u!1 &2681314850281309986
GameObject:
  m_ObjectHideFlags: 0
  m_CorrespondingSourceObject: {fileID: 0}
  m_PrefabInstance: {fileID: 0}
  m_PrefabAsset: {fileID: 0}
  serializedVersion: 6
  m_Component:
  - component: {fileID: 4587545093154016616}
  m_Layer: 0
  m_Name: Armature
  m_TagString: Untagged
  m_Icon: {fileID: 0}
  m_NavMeshLayer: 0
  m_StaticEditorFlags: 0
  m_IsActive: 1
--- !u!4 &4587545093154016616
Transform:
  m_ObjectHideFlags: 0
  m_CorrespondingSourceObject: {fileID: 0}
  m_PrefabInstance: {fileID: 0}
  m_PrefabAsset: {fileID: 0}
  m_GameObject: {fileID: 2681314850281309986}
  m_LocalRotation: {x: -0.7071068, y: 0, z: -0, w: 0.7071067}
  m_LocalPosition: {x: -0, y: 0.7484432, z: 0}
  m_LocalScale: {x: 161.02423, y: 161.02423, z: 161.02423}
  m_ConstrainProportionsScale: 0
  m_Children:
  - {fileID: 3287098138759057375}
  m_Father: {fileID: 4835439547240406518}
  m_RootOrder: 0
  m_LocalEulerAnglesHint: {x: 0, y: 0, z: 0}
--- !u!1 &2909285018651741953
GameObject:
  m_ObjectHideFlags: 0
  m_CorrespondingSourceObject: {fileID: 0}
  m_PrefabInstance: {fileID: 0}
  m_PrefabAsset: {fileID: 0}
  serializedVersion: 6
  m_Component:
  - component: {fileID: 4905338626004612735}
  m_Layer: 0
  m_Name: Leg_L
  m_TagString: Untagged
  m_Icon: {fileID: 0}
  m_NavMeshLayer: 0
  m_StaticEditorFlags: 0
  m_IsActive: 1
--- !u!4 &4905338626004612735
Transform:
  m_ObjectHideFlags: 0
  m_CorrespondingSourceObject: {fileID: 0}
  m_PrefabInstance: {fileID: 0}
  m_PrefabAsset: {fileID: 0}
  m_GameObject: {fileID: 2909285018651741953}
  m_LocalRotation: {x: 0.7430324, y: -0.048802093, z: -0.6673726, w: -0.011622604}
  m_LocalPosition: {x: -0.0010927237, y: 0.0007524329, z: 0.000058275746}
  m_LocalScale: {x: 1.0000193, y: 1, z: 1.0000056}
  m_ConstrainProportionsScale: 0
  m_Children:
  - {fileID: 6527416449332703517}
  m_Father: {fileID: 3287098138759057375}
  m_RootOrder: 1
  m_LocalEulerAnglesHint: {x: 0, y: 0, z: 0}
--- !u!1 &3539925897861265647
GameObject:
  m_ObjectHideFlags: 0
  m_CorrespondingSourceObject: {fileID: 0}
  m_PrefabInstance: {fileID: 0}
  m_PrefabAsset: {fileID: 0}
  serializedVersion: 6
  m_Component:
  - component: {fileID: 7870224232021897224}
  m_Layer: 0
  m_Name: Chest
  m_TagString: Untagged
  m_Icon: {fileID: 0}
  m_NavMeshLayer: 0
  m_StaticEditorFlags: 0
  m_IsActive: 1
--- !u!4 &7870224232021897224
Transform:
  m_ObjectHideFlags: 0
  m_CorrespondingSourceObject: {fileID: 0}
  m_PrefabInstance: {fileID: 0}
  m_PrefabAsset: {fileID: 0}
  m_GameObject: {fileID: 3539925897861265647}
  m_LocalRotation: {x: -0.08944727, y: -0.000053025844, z: -0.018304497, w: 0.9958234}
  m_LocalPosition: {x: -9.822542e-13, y: 0.0012600143, z: -2.0054357e-11}
  m_LocalScale: {x: 1, y: 1, z: 0.99999994}
  m_ConstrainProportionsScale: 0
  m_Children:
  - {fileID: 462205607476073899}
  - {fileID: 5102884703731407345}
  - {fileID: 2136720529742648656}
  m_Father: {fileID: 3287098138759057375}
  m_RootOrder: 0
  m_LocalEulerAnglesHint: {x: 0, y: 0, z: 0}
--- !u!1 &4256412544707125617
GameObject:
  m_ObjectHideFlags: 0
  m_CorrespondingSourceObject: {fileID: 0}
  m_PrefabInstance: {fileID: 0}
  m_PrefabAsset: {fileID: 0}
  serializedVersion: 6
  m_Component:
  - component: {fileID: 6941555927357502779}
  m_Layer: 0
  m_Name: Arm_R_end
  m_TagString: Untagged
  m_Icon: {fileID: 0}
  m_NavMeshLayer: 0
  m_StaticEditorFlags: 0
  m_IsActive: 1
--- !u!4 &6941555927357502779
Transform:
  m_ObjectHideFlags: 0
  m_CorrespondingSourceObject: {fileID: 0}
  m_PrefabInstance: {fileID: 0}
  m_PrefabAsset: {fileID: 0}
  m_GameObject: {fileID: 4256412544707125617}
  m_LocalRotation: {x: 0, y: -0, z: -0, w: 1}
  m_LocalPosition: {x: -0, y: 0.004666399, z: 0}
  m_LocalScale: {x: 1, y: 1, z: 1}
  m_ConstrainProportionsScale: 0
  m_Children:
  - {fileID: 7834494560560412486}
  m_Father: {fileID: 5102884703731407345}
  m_RootOrder: 0
  m_LocalEulerAnglesHint: {x: 0, y: 0, z: 0}
--- !u!1 &4426460470795026028
GameObject:
  m_ObjectHideFlags: 0
  m_CorrespondingSourceObject: {fileID: 0}
  m_PrefabInstance: {fileID: 0}
  m_PrefabAsset: {fileID: 0}
  serializedVersion: 6
  m_Component:
  - component: {fileID: 3287098138759057375}
  m_Layer: 0
  m_Name: Pelvis
  m_TagString: Untagged
  m_Icon: {fileID: 0}
  m_NavMeshLayer: 0
  m_StaticEditorFlags: 0
  m_IsActive: 1
--- !u!4 &3287098138759057375
Transform:
  m_ObjectHideFlags: 0
  m_CorrespondingSourceObject: {fileID: 0}
  m_PrefabInstance: {fileID: 0}
  m_PrefabAsset: {fileID: 0}
  m_GameObject: {fileID: 4426460470795026028}
  m_LocalRotation: {x: 0.75035936, y: -0.008902957, z: 0.0089029195, w: 0.66091025}
  m_LocalPosition: {x: -0.000018235574, y: -0.000069655456, z: -0.0005972423}
  m_LocalScale: {x: 0.99999994, y: 1, z: 0.99999994}
  m_ConstrainProportionsScale: 0
  m_Children:
  - {fileID: 7870224232021897224}
  - {fileID: 4905338626004612735}
  - {fileID: 8907152170272668668}
  m_Father: {fileID: 4587545093154016616}
  m_RootOrder: 0
  m_LocalEulerAnglesHint: {x: 0, y: 0, z: 0}
--- !u!1 &4797515031824017785
GameObject:
  m_ObjectHideFlags: 0
  m_CorrespondingSourceObject: {fileID: 0}
  m_PrefabInstance: {fileID: 0}
  m_PrefabAsset: {fileID: 0}
  serializedVersion: 6
  m_Component:
  - component: {fileID: 8907152170272668668}
  m_Layer: 0
  m_Name: Leg_R
  m_TagString: Untagged
  m_Icon: {fileID: 0}
  m_NavMeshLayer: 0
  m_StaticEditorFlags: 0
  m_IsActive: 1
--- !u!4 &8907152170272668668
Transform:
  m_ObjectHideFlags: 0
  m_CorrespondingSourceObject: {fileID: 0}
  m_PrefabInstance: {fileID: 0}
  m_PrefabAsset: {fileID: 0}
  m_GameObject: {fileID: 4797515031824017785}
  m_LocalRotation: {x: 0.74295735, y: 0.030132582, z: 0.6686397, w: 0.0052295728}
  m_LocalPosition: {x: 0.0011654157, y: 0.00069567043, z: 0.00006187333}
  m_LocalScale: {x: 1.0000013, y: 1, z: 1.0000021}
  m_ConstrainProportionsScale: 0
  m_Children:
  - {fileID: 3045296872271811467}
  m_Father: {fileID: 3287098138759057375}
  m_RootOrder: 2
  m_LocalEulerAnglesHint: {x: 0, y: 0, z: 0}
--- !u!1 &5211014459611645772
GameObject:
  m_ObjectHideFlags: 0
  m_CorrespondingSourceObject: {fileID: 0}
  m_PrefabInstance: {fileID: 0}
  m_PrefabAsset: {fileID: 0}
  serializedVersion: 6
  m_Component:
  - component: {fileID: 4835439547240406518}
  - component: {fileID: 4940545390888794641}
  m_Layer: 0
  m_Name: Hermes
  m_TagString: Untagged
  m_Icon: {fileID: 0}
  m_NavMeshLayer: 0
  m_StaticEditorFlags: 0
  m_IsActive: 1
--- !u!4 &4835439547240406518
Transform:
  m_ObjectHideFlags: 0
  m_CorrespondingSourceObject: {fileID: 0}
  m_PrefabInstance: {fileID: 0}
  m_PrefabAsset: {fileID: 0}
  m_GameObject: {fileID: 5211014459611645772}
  m_LocalRotation: {x: 0, y: 0, z: 0, w: 1}
  m_LocalPosition: {x: 11.5858555, y: 0.00000047683716, z: -18.511395}
  m_LocalScale: {x: 1, y: 1, z: 1}
  m_ConstrainProportionsScale: 0
  m_Children:
  - {fileID: 4587545093154016616}
  - {fileID: 8332697761741064786}
  m_Father: {fileID: 0}
  m_RootOrder: 0
  m_LocalEulerAnglesHint: {x: 0, y: 0, z: 0}
--- !u!95 &4940545390888794641
Animator:
  serializedVersion: 5
  m_ObjectHideFlags: 0
  m_CorrespondingSourceObject: {fileID: 0}
  m_PrefabInstance: {fileID: 0}
  m_PrefabAsset: {fileID: 0}
  m_GameObject: {fileID: 5211014459611645772}
  m_Enabled: 1
  m_Avatar: {fileID: 0}
  m_Controller: {fileID: 9100000, guid: 69cca61daa7cad74fa12ce2e3af78755, type: 2}
  m_CullingMode: 0
  m_UpdateMode: 0
  m_ApplyRootMotion: 0
  m_LinearVelocityBlending: 0
  m_StabilizeFeet: 0
  m_WarningMessage: 
  m_HasTransformHierarchy: 1
  m_AllowConstantClipSamplingOptimization: 1
  m_KeepAnimatorStateOnDisable: 0
  m_WriteDefaultValuesOnDisable: 0
--- !u!1 &5320508913715051681
GameObject:
  m_ObjectHideFlags: 0
  m_CorrespondingSourceObject: {fileID: 0}
  m_PrefabInstance: {fileID: 0}
  m_PrefabAsset: {fileID: 0}
  serializedVersion: 6
  m_Component:
  - component: {fileID: 9159783089115514569}
  m_Layer: 0
  m_Name: Head_end
  m_TagString: Untagged
  m_Icon: {fileID: 0}
  m_NavMeshLayer: 0
  m_StaticEditorFlags: 0
  m_IsActive: 1
--- !u!4 &9159783089115514569
Transform:
  m_ObjectHideFlags: 0
  m_CorrespondingSourceObject: {fileID: 0}
  m_PrefabInstance: {fileID: 0}
  m_PrefabAsset: {fileID: 0}
  m_GameObject: {fileID: 5320508913715051681}
  m_LocalRotation: {x: 0, y: -0, z: -0, w: 1}
  m_LocalPosition: {x: -0, y: 0.0046309135, z: 0}
  m_LocalScale: {x: 1, y: 1, z: 1}
  m_ConstrainProportionsScale: 0
  m_Children:
  - {fileID: 4835439547198462098}
  - {fileID: 4835439548441548325}
  - {fileID: 4835439548237172921}
  - {fileID: 4835439548212063297}
  - {fileID: 7964144805755374743}
  - {fileID: 5978721101448106821}
  m_Father: {fileID: 2136720529742648656}
  m_RootOrder: 0
  m_LocalEulerAnglesHint: {x: 0, y: 0, z: 0}
--- !u!1 &6325001276891607485
GameObject:
  m_ObjectHideFlags: 0
  m_CorrespondingSourceObject: {fileID: 0}
  m_PrefabInstance: {fileID: 0}
  m_PrefabAsset: {fileID: 0}
  serializedVersion: 6
  m_Component:
  - component: {fileID: 3045296872271811467}
  m_Layer: 0
  m_Name: Leg_R_end
  m_TagString: Untagged
  m_Icon: {fileID: 0}
  m_NavMeshLayer: 0
  m_StaticEditorFlags: 0
  m_IsActive: 1
--- !u!4 &3045296872271811467
Transform:
  m_ObjectHideFlags: 0
  m_CorrespondingSourceObject: {fileID: 0}
  m_PrefabInstance: {fileID: 0}
  m_PrefabAsset: {fileID: 0}
  m_GameObject: {fileID: 6325001276891607485}
  m_LocalRotation: {x: 0, y: -0, z: -0, w: 1}
  m_LocalPosition: {x: -0, y: 0.0044850074, z: 0}
  m_LocalScale: {x: 1, y: 1, z: 1}
  m_ConstrainProportionsScale: 0
  m_Children: []
  m_Father: {fileID: 8907152170272668668}
  m_RootOrder: 0
  m_LocalEulerAnglesHint: {x: 0, y: 0, z: 0}
--- !u!1 &6359508188809887219
GameObject:
  m_ObjectHideFlags: 0
  m_CorrespondingSourceObject: {fileID: 0}
  m_PrefabInstance: {fileID: 0}
  m_PrefabAsset: {fileID: 0}
  serializedVersion: 6
  m_Component:
  - component: {fileID: 5102884703731407345}
  m_Layer: 0
  m_Name: Arm_R
  m_TagString: Untagged
  m_Icon: {fileID: 0}
  m_NavMeshLayer: 0
  m_StaticEditorFlags: 0
  m_IsActive: 1
--- !u!4 &5102884703731407345
Transform:
  m_ObjectHideFlags: 0
  m_CorrespondingSourceObject: {fileID: 0}
  m_PrefabInstance: {fileID: 0}
  m_PrefabAsset: {fileID: 0}
  m_GameObject: {fileID: 6359508188809887219}
  m_LocalRotation: {x: 0.0006485625, y: 0.009461973, z: -0.7533415, w: 0.6575611}
  m_LocalPosition: {x: 0.002029954, y: 0.0047887852, z: -0.00011449225}
  m_LocalScale: {x: 1.0000001, y: 1.0000001, z: 1}
  m_ConstrainProportionsScale: 0
  m_Children:
  - {fileID: 6941555927357502779}
  m_Father: {fileID: 7870224232021897224}
  m_RootOrder: 1
  m_LocalEulerAnglesHint: {x: 0, y: 0, z: 0}
--- !u!1 &6929947984473005780
GameObject:
  m_ObjectHideFlags: 0
  m_CorrespondingSourceObject: {fileID: 0}
  m_PrefabInstance: {fileID: 0}
  m_PrefabAsset: {fileID: 0}
  serializedVersion: 6
  m_Component:
  - component: {fileID: 2136720529742648656}
  m_Layer: 0
  m_Name: Head
  m_TagString: Untagged
  m_Icon: {fileID: 0}
  m_NavMeshLayer: 0
  m_StaticEditorFlags: 0
  m_IsActive: 1
--- !u!4 &2136720529742648656
Transform:
  m_ObjectHideFlags: 0
  m_CorrespondingSourceObject: {fileID: 0}
  m_PrefabInstance: {fileID: 0}
  m_PrefabAsset: {fileID: 0}
  m_GameObject: {fileID: 6929947984473005780}
  m_LocalRotation: {x: 0.026274687, y: 0.00000005317046, z: 0.0057311156, w: 0.9996384}
  m_LocalPosition: {x: 4.6624076e-12, y: 0.004354007, z: -2.3309166e-14}
  m_LocalScale: {x: 1, y: 1, z: 1}
  m_ConstrainProportionsScale: 0
  m_Children:
  - {fileID: 9159783089115514569}
  m_Father: {fileID: 7870224232021897224}
  m_RootOrder: 2
  m_LocalEulerAnglesHint: {x: 0, y: 0, z: 0}
--- !u!1001 &4940545389721203150
PrefabInstance:
  m_ObjectHideFlags: 0
  serializedVersion: 2
  m_Modification:
    m_TransformParent: {fileID: 9159783089115514569}
    m_Modifications:
    - target: {fileID: -8679921383154817045, guid: 1af74d6eb5f199c4596e02f94a6fb4eb,
        type: 3}
      propertyPath: m_RootOrder
      value: 1
      objectReference: {fileID: 0}
    - target: {fileID: -8679921383154817045, guid: 1af74d6eb5f199c4596e02f94a6fb4eb,
        type: 3}
      propertyPath: m_LocalScale.x
      value: 0.31051227
      objectReference: {fileID: 0}
    - target: {fileID: -8679921383154817045, guid: 1af74d6eb5f199c4596e02f94a6fb4eb,
        type: 3}
      propertyPath: m_LocalScale.y
      value: 0.31051233
      objectReference: {fileID: 0}
    - target: {fileID: -8679921383154817045, guid: 1af74d6eb5f199c4596e02f94a6fb4eb,
        type: 3}
      propertyPath: m_LocalScale.z
      value: 0.31051227
      objectReference: {fileID: 0}
    - target: {fileID: -8679921383154817045, guid: 1af74d6eb5f199c4596e02f94a6fb4eb,
        type: 3}
      propertyPath: m_LocalPosition.x
      value: -0.00307
      objectReference: {fileID: 0}
    - target: {fileID: -8679921383154817045, guid: 1af74d6eb5f199c4596e02f94a6fb4eb,
        type: 3}
      propertyPath: m_LocalPosition.y
      value: -0.01435
      objectReference: {fileID: 0}
    - target: {fileID: -8679921383154817045, guid: 1af74d6eb5f199c4596e02f94a6fb4eb,
        type: 3}
      propertyPath: m_LocalPosition.z
      value: -0.00012
      objectReference: {fileID: 0}
    - target: {fileID: -8679921383154817045, guid: 1af74d6eb5f199c4596e02f94a6fb4eb,
        type: 3}
      propertyPath: m_LocalRotation.w
      value: 0.70710677
      objectReference: {fileID: 0}
    - target: {fileID: -8679921383154817045, guid: 1af74d6eb5f199c4596e02f94a6fb4eb,
        type: 3}
      propertyPath: m_LocalRotation.x
      value: -0.7071068
      objectReference: {fileID: 0}
    - target: {fileID: -8679921383154817045, guid: 1af74d6eb5f199c4596e02f94a6fb4eb,
        type: 3}
      propertyPath: m_LocalRotation.y
      value: 0.0000150842425
      objectReference: {fileID: 0}
    - target: {fileID: -8679921383154817045, guid: 1af74d6eb5f199c4596e02f94a6fb4eb,
        type: 3}
      propertyPath: m_LocalRotation.z
      value: 0.000015089381
      objectReference: {fileID: 0}
    - target: {fileID: -8679921383154817045, guid: 1af74d6eb5f199c4596e02f94a6fb4eb,
        type: 3}
      propertyPath: m_LocalEulerAnglesHint.x
      value: 0
      objectReference: {fileID: 0}
    - target: {fileID: -8679921383154817045, guid: 1af74d6eb5f199c4596e02f94a6fb4eb,
        type: 3}
      propertyPath: m_LocalEulerAnglesHint.y
      value: 0
      objectReference: {fileID: 0}
    - target: {fileID: -8679921383154817045, guid: 1af74d6eb5f199c4596e02f94a6fb4eb,
        type: 3}
      propertyPath: m_LocalEulerAnglesHint.z
      value: 0
      objectReference: {fileID: 0}
    - target: {fileID: 919132149155446097, guid: 1af74d6eb5f199c4596e02f94a6fb4eb,
        type: 3}
      propertyPath: m_Name
      value: eye (1)
      objectReference: {fileID: 0}
    m_RemovedComponents: []
  m_SourcePrefab: {fileID: 100100000, guid: 1af74d6eb5f199c4596e02f94a6fb4eb, type: 3}
--- !u!4 &4835439548441548325 stripped
Transform:
  m_CorrespondingSourceObject: {fileID: -8679921383154817045, guid: 1af74d6eb5f199c4596e02f94a6fb4eb,
    type: 3}
  m_PrefabInstance: {fileID: 4940545389721203150}
  m_PrefabAsset: {fileID: 0}
--- !u!1001 &4940545389917064106
PrefabInstance:
  m_ObjectHideFlags: 0
  serializedVersion: 2
  m_Modification:
    m_TransformParent: {fileID: 9159783089115514569}
    m_Modifications:
    - target: {fileID: -8679921383154817045, guid: b48a535c73b3d2642b926678f4bf23de,
        type: 3}
      propertyPath: m_RootOrder
      value: 3
      objectReference: {fileID: 0}
    - target: {fileID: -8679921383154817045, guid: b48a535c73b3d2642b926678f4bf23de,
        type: 3}
      propertyPath: m_LocalScale.x
      value: -0.3105123
      objectReference: {fileID: 0}
    - target: {fileID: -8679921383154817045, guid: b48a535c73b3d2642b926678f4bf23de,
        type: 3}
      propertyPath: m_LocalScale.y
      value: -0.3105123
      objectReference: {fileID: 0}
    - target: {fileID: -8679921383154817045, guid: b48a535c73b3d2642b926678f4bf23de,
        type: 3}
      propertyPath: m_LocalScale.z
      value: 0.31051227
      objectReference: {fileID: 0}
    - target: {fileID: -8679921383154817045, guid: b48a535c73b3d2642b926678f4bf23de,
        type: 3}
      propertyPath: m_LocalPosition.x
      value: -0.00013
      objectReference: {fileID: 0}
    - target: {fileID: -8679921383154817045, guid: b48a535c73b3d2642b926678f4bf23de,
        type: 3}
      propertyPath: m_LocalPosition.y
      value: -0.0143800005
      objectReference: {fileID: 0}
    - target: {fileID: -8679921383154817045, guid: b48a535c73b3d2642b926678f4bf23de,
        type: 3}
      propertyPath: m_LocalPosition.z
      value: 0.00759
      objectReference: {fileID: 0}
    - target: {fileID: -8679921383154817045, guid: b48a535c73b3d2642b926678f4bf23de,
        type: 3}
      propertyPath: m_LocalRotation.w
      value: 0.70710677
      objectReference: {fileID: 0}
    - target: {fileID: -8679921383154817045, guid: b48a535c73b3d2642b926678f4bf23de,
        type: 3}
      propertyPath: m_LocalRotation.x
      value: -0.7071068
      objectReference: {fileID: 0}
    - target: {fileID: -8679921383154817045, guid: b48a535c73b3d2642b926678f4bf23de,
        type: 3}
      propertyPath: m_LocalRotation.y
      value: 0.0000150842425
      objectReference: {fileID: 0}
    - target: {fileID: -8679921383154817045, guid: b48a535c73b3d2642b926678f4bf23de,
        type: 3}
      propertyPath: m_LocalRotation.z
      value: 0.000015089381
      objectReference: {fileID: 0}
    - target: {fileID: -8679921383154817045, guid: b48a535c73b3d2642b926678f4bf23de,
        type: 3}
      propertyPath: m_LocalEulerAnglesHint.x
      value: 0
      objectReference: {fileID: 0}
    - target: {fileID: -8679921383154817045, guid: b48a535c73b3d2642b926678f4bf23de,
        type: 3}
      propertyPath: m_LocalEulerAnglesHint.y
      value: 0
      objectReference: {fileID: 0}
    - target: {fileID: -8679921383154817045, guid: b48a535c73b3d2642b926678f4bf23de,
        type: 3}
      propertyPath: m_LocalEulerAnglesHint.z
      value: 0
      objectReference: {fileID: 0}
    - target: {fileID: -7511558181221131132, guid: b48a535c73b3d2642b926678f4bf23de,
        type: 3}
      propertyPath: m_Materials.Array.data[0]
      value: 
      objectReference: {fileID: 2100000, guid: 99d9add40aab92f4a85815f7b87f23bd, type: 2}
    - target: {fileID: 919132149155446097, guid: b48a535c73b3d2642b926678f4bf23de,
        type: 3}
      propertyPath: m_Name
      value: eyebrow (1)
      objectReference: {fileID: 0}
    m_RemovedComponents: []
  m_SourcePrefab: {fileID: 100100000, guid: b48a535c73b3d2642b926678f4bf23de, type: 3}
--- !u!4 &4835439548212063297 stripped
Transform:
  m_CorrespondingSourceObject: {fileID: -8679921383154817045, guid: b48a535c73b3d2642b926678f4bf23de,
    type: 3}
  m_PrefabInstance: {fileID: 4940545389917064106}
  m_PrefabAsset: {fileID: 0}
--- !u!1001 &4940545389925250898
PrefabInstance:
  m_ObjectHideFlags: 0
  serializedVersion: 2
  m_Modification:
    m_TransformParent: {fileID: 9159783089115514569}
    m_Modifications:
    - target: {fileID: -8679921383154817045, guid: b48a535c73b3d2642b926678f4bf23de,
        type: 3}
      propertyPath: m_RootOrder
      value: 2
      objectReference: {fileID: 0}
    - target: {fileID: -8679921383154817045, guid: b48a535c73b3d2642b926678f4bf23de,
        type: 3}
      propertyPath: m_LocalScale.x
      value: 0.31051227
      objectReference: {fileID: 0}
    - target: {fileID: -8679921383154817045, guid: b48a535c73b3d2642b926678f4bf23de,
        type: 3}
      propertyPath: m_LocalScale.y
      value: 0.31051233
      objectReference: {fileID: 0}
    - target: {fileID: -8679921383154817045, guid: b48a535c73b3d2642b926678f4bf23de,
        type: 3}
      propertyPath: m_LocalScale.z
      value: 0.31051227
      objectReference: {fileID: 0}
    - target: {fileID: -8679921383154817045, guid: b48a535c73b3d2642b926678f4bf23de,
        type: 3}
      propertyPath: m_LocalPosition.x
      value: -0.00003
      objectReference: {fileID: 0}
    - target: {fileID: -8679921383154817045, guid: b48a535c73b3d2642b926678f4bf23de,
        type: 3}
      propertyPath: m_LocalPosition.y
      value: -0.01438
      objectReference: {fileID: 0}
    - target: {fileID: -8679921383154817045, guid: b48a535c73b3d2642b926678f4bf23de,
        type: 3}
      propertyPath: m_LocalPosition.z
      value: 0.00001
      objectReference: {fileID: 0}
    - target: {fileID: -8679921383154817045, guid: b48a535c73b3d2642b926678f4bf23de,
        type: 3}
      propertyPath: m_LocalRotation.w
      value: 0.70710677
      objectReference: {fileID: 0}
    - target: {fileID: -8679921383154817045, guid: b48a535c73b3d2642b926678f4bf23de,
        type: 3}
      propertyPath: m_LocalRotation.x
      value: -0.7071068
      objectReference: {fileID: 0}
    - target: {fileID: -8679921383154817045, guid: b48a535c73b3d2642b926678f4bf23de,
        type: 3}
      propertyPath: m_LocalRotation.y
      value: 0.0000150842425
      objectReference: {fileID: 0}
    - target: {fileID: -8679921383154817045, guid: b48a535c73b3d2642b926678f4bf23de,
        type: 3}
      propertyPath: m_LocalRotation.z
      value: 0.000015089381
      objectReference: {fileID: 0}
    - target: {fileID: -8679921383154817045, guid: b48a535c73b3d2642b926678f4bf23de,
        type: 3}
      propertyPath: m_LocalEulerAnglesHint.x
      value: 0
      objectReference: {fileID: 0}
    - target: {fileID: -8679921383154817045, guid: b48a535c73b3d2642b926678f4bf23de,
        type: 3}
      propertyPath: m_LocalEulerAnglesHint.y
      value: 0
      objectReference: {fileID: 0}
    - target: {fileID: -8679921383154817045, guid: b48a535c73b3d2642b926678f4bf23de,
        type: 3}
      propertyPath: m_LocalEulerAnglesHint.z
      value: 0
      objectReference: {fileID: 0}
    - target: {fileID: -7511558181221131132, guid: b48a535c73b3d2642b926678f4bf23de,
        type: 3}
      propertyPath: m_Materials.Array.data[0]
      value: 
      objectReference: {fileID: 2100000, guid: 99d9add40aab92f4a85815f7b87f23bd, type: 2}
    - target: {fileID: 919132149155446097, guid: b48a535c73b3d2642b926678f4bf23de,
        type: 3}
      propertyPath: m_Name
      value: eyebrow
      objectReference: {fileID: 0}
    m_RemovedComponents: []
  m_SourcePrefab: {fileID: 100100000, guid: b48a535c73b3d2642b926678f4bf23de, type: 3}
--- !u!4 &4835439548237172921 stripped
Transform:
  m_CorrespondingSourceObject: {fileID: -8679921383154817045, guid: b48a535c73b3d2642b926678f4bf23de,
    type: 3}
  m_PrefabInstance: {fileID: 4940545389925250898}
  m_PrefabAsset: {fileID: 0}
--- !u!1001 &4940545390964293497
PrefabInstance:
  m_ObjectHideFlags: 0
  serializedVersion: 2
  m_Modification:
    m_TransformParent: {fileID: 9159783089115514569}
    m_Modifications:
    - target: {fileID: -8679921383154817045, guid: 1af74d6eb5f199c4596e02f94a6fb4eb,
        type: 3}
      propertyPath: m_RootOrder
      value: 0
      objectReference: {fileID: 0}
    - target: {fileID: -8679921383154817045, guid: 1af74d6eb5f199c4596e02f94a6fb4eb,
        type: 3}
      propertyPath: m_LocalScale.x
      value: 0.31051227
      objectReference: {fileID: 0}
    - target: {fileID: -8679921383154817045, guid: 1af74d6eb5f199c4596e02f94a6fb4eb,
        type: 3}
      propertyPath: m_LocalScale.y
      value: 0.31051233
      objectReference: {fileID: 0}
    - target: {fileID: -8679921383154817045, guid: 1af74d6eb5f199c4596e02f94a6fb4eb,
        type: 3}
      propertyPath: m_LocalScale.z
      value: 0.31051227
      objectReference: {fileID: 0}
    - target: {fileID: -8679921383154817045, guid: 1af74d6eb5f199c4596e02f94a6fb4eb,
        type: 3}
      propertyPath: m_LocalPosition.x
      value: -0.00002
      objectReference: {fileID: 0}
    - target: {fileID: -8679921383154817045, guid: 1af74d6eb5f199c4596e02f94a6fb4eb,
        type: 3}
      propertyPath: m_LocalPosition.y
      value: -0.01435
      objectReference: {fileID: 0}
    - target: {fileID: -8679921383154817045, guid: 1af74d6eb5f199c4596e02f94a6fb4eb,
        type: 3}
      propertyPath: m_LocalPosition.z
      value: -0.00012
      objectReference: {fileID: 0}
    - target: {fileID: -8679921383154817045, guid: 1af74d6eb5f199c4596e02f94a6fb4eb,
        type: 3}
      propertyPath: m_LocalRotation.w
      value: 0.70710677
      objectReference: {fileID: 0}
    - target: {fileID: -8679921383154817045, guid: 1af74d6eb5f199c4596e02f94a6fb4eb,
        type: 3}
      propertyPath: m_LocalRotation.x
      value: -0.7071068
      objectReference: {fileID: 0}
    - target: {fileID: -8679921383154817045, guid: 1af74d6eb5f199c4596e02f94a6fb4eb,
        type: 3}
      propertyPath: m_LocalRotation.y
      value: 0.0000150842425
      objectReference: {fileID: 0}
    - target: {fileID: -8679921383154817045, guid: 1af74d6eb5f199c4596e02f94a6fb4eb,
        type: 3}
      propertyPath: m_LocalRotation.z
      value: 0.000015089381
      objectReference: {fileID: 0}
    - target: {fileID: -8679921383154817045, guid: 1af74d6eb5f199c4596e02f94a6fb4eb,
        type: 3}
      propertyPath: m_LocalEulerAnglesHint.x
      value: 0
      objectReference: {fileID: 0}
    - target: {fileID: -8679921383154817045, guid: 1af74d6eb5f199c4596e02f94a6fb4eb,
        type: 3}
      propertyPath: m_LocalEulerAnglesHint.y
      value: 0
      objectReference: {fileID: 0}
    - target: {fileID: -8679921383154817045, guid: 1af74d6eb5f199c4596e02f94a6fb4eb,
        type: 3}
      propertyPath: m_LocalEulerAnglesHint.z
      value: 0
      objectReference: {fileID: 0}
    - target: {fileID: 919132149155446097, guid: 1af74d6eb5f199c4596e02f94a6fb4eb,
        type: 3}
      propertyPath: m_Name
      value: eye
      objectReference: {fileID: 0}
    m_RemovedComponents: []
  m_SourcePrefab: {fileID: 100100000, guid: 1af74d6eb5f199c4596e02f94a6fb4eb, type: 3}
--- !u!4 &4835439547198462098 stripped
Transform:
  m_CorrespondingSourceObject: {fileID: -8679921383154817045, guid: 1af74d6eb5f199c4596e02f94a6fb4eb,
    type: 3}
  m_PrefabInstance: {fileID: 4940545390964293497}
  m_PrefabAsset: {fileID: 0}
--- !u!1001 &6157008204431570094
PrefabInstance:
  m_ObjectHideFlags: 0
  serializedVersion: 2
  m_Modification:
    m_TransformParent: {fileID: 9159783089115514569}
    m_Modifications:
    - target: {fileID: -8679921383154817045, guid: 0e56927e83983634aa83f252300f9fcc,
        type: 3}
      propertyPath: m_RootOrder
      value: 5
      objectReference: {fileID: 0}
    - target: {fileID: -8679921383154817045, guid: 0e56927e83983634aa83f252300f9fcc,
        type: 3}
      propertyPath: m_LocalScale.x
      value: 0.31051227
      objectReference: {fileID: 0}
    - target: {fileID: -8679921383154817045, guid: 0e56927e83983634aa83f252300f9fcc,
        type: 3}
      propertyPath: m_LocalScale.y
      value: 0.31051227
      objectReference: {fileID: 0}
    - target: {fileID: -8679921383154817045, guid: 0e56927e83983634aa83f252300f9fcc,
        type: 3}
      propertyPath: m_LocalScale.z
      value: 0.31051224
      objectReference: {fileID: 0}
    - target: {fileID: -8679921383154817045, guid: 0e56927e83983634aa83f252300f9fcc,
        type: 3}
      propertyPath: m_LocalPosition.x
      value: 0
      objectReference: {fileID: 0}
    - target: {fileID: -8679921383154817045, guid: 0e56927e83983634aa83f252300f9fcc,
        type: 3}
      propertyPath: m_LocalPosition.y
      value: 0.0055938545
      objectReference: {fileID: 0}
    - target: {fileID: -8679921383154817045, guid: 0e56927e83983634aa83f252300f9fcc,
        type: 3}
      propertyPath: m_LocalPosition.z
      value: -0.00071417843
      objectReference: {fileID: 0}
    - target: {fileID: -8679921383154817045, guid: 0e56927e83983634aa83f252300f9fcc,
        type: 3}
      propertyPath: m_LocalRotation.w
      value: 0.62583864
      objectReference: {fileID: 0}
    - target: {fileID: -8679921383154817045, guid: 0e56927e83983634aa83f252300f9fcc,
        type: 3}
      propertyPath: m_LocalRotation.x
      value: -0.77995265
      objectReference: {fileID: 0}
    - target: {fileID: -8679921383154817045, guid: 0e56927e83983634aa83f252300f9fcc,
        type: 3}
      propertyPath: m_LocalRotation.y
      value: 0.000013350615
      objectReference: {fileID: 0}
    - target: {fileID: -8679921383154817045, guid: 0e56927e83983634aa83f252300f9fcc,
        type: 3}
      propertyPath: m_LocalRotation.z
      value: 0.000016642713
      objectReference: {fileID: 0}
    - target: {fileID: -8679921383154817045, guid: 0e56927e83983634aa83f252300f9fcc,
        type: 3}
      propertyPath: m_LocalEulerAnglesHint.x
      value: -102.512
      objectReference: {fileID: 0}
    - target: {fileID: -8679921383154817045, guid: 0e56927e83983634aa83f252300f9fcc,
        type: 3}
      propertyPath: m_LocalEulerAnglesHint.y
      value: 0
      objectReference: {fileID: 0}
    - target: {fileID: -8679921383154817045, guid: 0e56927e83983634aa83f252300f9fcc,
        type: 3}
      propertyPath: m_LocalEulerAnglesHint.z
      value: 0
      objectReference: {fileID: 0}
    - target: {fileID: 919132149155446097, guid: 0e56927e83983634aa83f252300f9fcc,
        type: 3}
      propertyPath: m_Name
      value: hermes_helmet
      objectReference: {fileID: 0}
    m_RemovedComponents: []
  m_SourcePrefab: {fileID: 100100000, guid: 0e56927e83983634aa83f252300f9fcc, type: 3}
--- !u!4 &5978721101448106821 stripped
Transform:
  m_CorrespondingSourceObject: {fileID: -8679921383154817045, guid: 0e56927e83983634aa83f252300f9fcc,
    type: 3}
  m_PrefabInstance: {fileID: 6157008204431570094}
  m_PrefabAsset: {fileID: 0}
--- !u!1001 &7569683442702429052
PrefabInstance:
  m_ObjectHideFlags: 0
  serializedVersion: 2
  m_Modification:
    m_TransformParent: {fileID: 9159783089115514569}
    m_Modifications:
    - target: {fileID: -8679921383154817045, guid: dfc303810d8ce544b9c7e5a3d9bc4a42,
        type: 3}
      propertyPath: m_RootOrder
      value: 4
      objectReference: {fileID: 0}
    - target: {fileID: -8679921383154817045, guid: dfc303810d8ce544b9c7e5a3d9bc4a42,
        type: 3}
      propertyPath: m_LocalScale.x
      value: 0.31051227
      objectReference: {fileID: 0}
    - target: {fileID: -8679921383154817045, guid: dfc303810d8ce544b9c7e5a3d9bc4a42,
        type: 3}
      propertyPath: m_LocalScale.y
      value: 0.31051233
      objectReference: {fileID: 0}
    - target: {fileID: -8679921383154817045, guid: dfc303810d8ce544b9c7e5a3d9bc4a42,
        type: 3}
      propertyPath: m_LocalScale.z
      value: 0.31051227
      objectReference: {fileID: 0}
    - target: {fileID: -8679921383154817045, guid: dfc303810d8ce544b9c7e5a3d9bc4a42,
        type: 3}
      propertyPath: m_LocalPosition.x
      value: 0
      objectReference: {fileID: 0}
    - target: {fileID: -8679921383154817045, guid: dfc303810d8ce544b9c7e5a3d9bc4a42,
        type: 3}
      propertyPath: m_LocalPosition.y
      value: 0.00179
      objectReference: {fileID: 0}
    - target: {fileID: -8679921383154817045, guid: dfc303810d8ce544b9c7e5a3d9bc4a42,
        type: 3}
      propertyPath: m_LocalPosition.z
      value: 0.00039
      objectReference: {fileID: 0}
    - target: {fileID: -8679921383154817045, guid: dfc303810d8ce544b9c7e5a3d9bc4a42,
        type: 3}
      propertyPath: m_LocalRotation.w
      value: 0.70710677
      objectReference: {fileID: 0}
    - target: {fileID: -8679921383154817045, guid: dfc303810d8ce544b9c7e5a3d9bc4a42,
        type: 3}
      propertyPath: m_LocalRotation.x
      value: -0.7071068
      objectReference: {fileID: 0}
    - target: {fileID: -8679921383154817045, guid: dfc303810d8ce544b9c7e5a3d9bc4a42,
        type: 3}
      propertyPath: m_LocalRotation.y
      value: 0.0000150842425
      objectReference: {fileID: 0}
    - target: {fileID: -8679921383154817045, guid: dfc303810d8ce544b9c7e5a3d9bc4a42,
        type: 3}
      propertyPath: m_LocalRotation.z
      value: 0.000015089381
      objectReference: {fileID: 0}
    - target: {fileID: -8679921383154817045, guid: dfc303810d8ce544b9c7e5a3d9bc4a42,
        type: 3}
      propertyPath: m_LocalEulerAnglesHint.x
      value: 0
      objectReference: {fileID: 0}
    - target: {fileID: -8679921383154817045, guid: dfc303810d8ce544b9c7e5a3d9bc4a42,
        type: 3}
      propertyPath: m_LocalEulerAnglesHint.y
      value: 0
      objectReference: {fileID: 0}
    - target: {fileID: -8679921383154817045, guid: dfc303810d8ce544b9c7e5a3d9bc4a42,
        type: 3}
      propertyPath: m_LocalEulerAnglesHint.z
      value: 0
      objectReference: {fileID: 0}
    - target: {fileID: 919132149155446097, guid: dfc303810d8ce544b9c7e5a3d9bc4a42,
        type: 3}
      propertyPath: m_Name
      value: senator_hair
      objectReference: {fileID: 0}
    m_RemovedComponents: []
  m_SourcePrefab: {fileID: 100100000, guid: dfc303810d8ce544b9c7e5a3d9bc4a42, type: 3}
--- !u!4 &7964144805755374743 stripped
Transform:
  m_CorrespondingSourceObject: {fileID: -8679921383154817045, guid: dfc303810d8ce544b9c7e5a3d9bc4a42,
    type: 3}
  m_PrefabInstance: {fileID: 7569683442702429052}
  m_PrefabAsset: {fileID: 0}
--- !u!1001 &7724533412074328237
PrefabInstance:
  m_ObjectHideFlags: 0
  serializedVersion: 2
  m_Modification:
    m_TransformParent: {fileID: 6941555927357502779}
    m_Modifications:
    - target: {fileID: -8679921383154817045, guid: fc5fc7a50db34a84fadffd6fc9cf4ace,
        type: 3}
      propertyPath: m_RootOrder
      value: 0
      objectReference: {fileID: 0}
    - target: {fileID: -8679921383154817045, guid: fc5fc7a50db34a84fadffd6fc9cf4ace,
        type: 3}
      propertyPath: m_LocalScale.x
      value: 0.31051227
      objectReference: {fileID: 0}
    - target: {fileID: -8679921383154817045, guid: fc5fc7a50db34a84fadffd6fc9cf4ace,
        type: 3}
      propertyPath: m_LocalScale.y
      value: 0.31051233
      objectReference: {fileID: 0}
    - target: {fileID: -8679921383154817045, guid: fc5fc7a50db34a84fadffd6fc9cf4ace,
        type: 3}
      propertyPath: m_LocalScale.z
      value: 0.3105122
      objectReference: {fileID: 0}
    - target: {fileID: -8679921383154817045, guid: fc5fc7a50db34a84fadffd6fc9cf4ace,
        type: 3}
      propertyPath: m_LocalPosition.x
      value: -0.0055023152
      objectReference: {fileID: 0}
    - target: {fileID: -8679921383154817045, guid: fc5fc7a50db34a84fadffd6fc9cf4ace,
        type: 3}
      propertyPath: m_LocalPosition.y
      value: -0.00077743037
      objectReference: {fileID: 0}
    - target: {fileID: -8679921383154817045, guid: fc5fc7a50db34a84fadffd6fc9cf4ace,
        type: 3}
      propertyPath: m_LocalPosition.z
      value: 0.00057735265
      objectReference: {fileID: 0}
    - target: {fileID: -8679921383154817045, guid: fc5fc7a50db34a84fadffd6fc9cf4ace,
        type: 3}
      propertyPath: m_LocalRotation.w
      value: 0.4734653
      objectReference: {fileID: 0}
    - target: {fileID: -8679921383154817045, guid: fc5fc7a50db34a84fadffd6fc9cf4ace,
        type: 3}
      propertyPath: m_LocalRotation.x
      value: -0.45004815
      objectReference: {fileID: 0}
    - target: {fileID: -8679921383154817045, guid: fc5fc7a50db34a84fadffd6fc9cf4ace,
        type: 3}
      propertyPath: m_LocalRotation.y
      value: -0.52802044
      objectReference: {fileID: 0}
    - target: {fileID: -8679921383154817045, guid: fc5fc7a50db34a84fadffd6fc9cf4ace,
        type: 3}
      propertyPath: m_LocalRotation.z
      value: 0.54266167
      objectReference: {fileID: 0}
    - target: {fileID: -8679921383154817045, guid: fc5fc7a50db34a84fadffd6fc9cf4ace,
        type: 3}
      propertyPath: m_LocalEulerAnglesHint.x
      value: 0
      objectReference: {fileID: 0}
    - target: {fileID: -8679921383154817045, guid: fc5fc7a50db34a84fadffd6fc9cf4ace,
        type: 3}
      propertyPath: m_LocalEulerAnglesHint.y
      value: 0
      objectReference: {fileID: 0}
    - target: {fileID: -8679921383154817045, guid: fc5fc7a50db34a84fadffd6fc9cf4ace,
        type: 3}
      propertyPath: m_LocalEulerAnglesHint.z
      value: 0
      objectReference: {fileID: 0}
    - target: {fileID: 919132149155446097, guid: fc5fc7a50db34a84fadffd6fc9cf4ace,
        type: 3}
      propertyPath: m_Name
      value: hermes_staff
      objectReference: {fileID: 0}
    m_RemovedComponents: []
  m_SourcePrefab: {fileID: 100100000, guid: fc5fc7a50db34a84fadffd6fc9cf4ace, type: 3}
--- !u!4 &7834494560560412486 stripped
Transform:
  m_CorrespondingSourceObject: {fileID: -8679921383154817045, guid: fc5fc7a50db34a84fadffd6fc9cf4ace,
    type: 3}
  m_PrefabInstance: {fileID: 7724533412074328237}
  m_PrefabAsset: {fileID: 0}
