%YAML 1.1
%TAG !u! tag:unity3d.com,2011:
--- !u!1 &983530233275888090
GameObject:
  m_ObjectHideFlags: 0
  m_CorrespondingSourceObject: {fileID: 0}
  m_PrefabInstance: {fileID: 0}
  m_PrefabAsset: {fileID: 0}
  serializedVersion: 6
  m_Component:
  - component: {fileID: 2238187175670408437}
  m_Layer: 0
  m_Name: Arm_L_end
  m_TagString: Untagged
  m_Icon: {fileID: 0}
  m_NavMeshLayer: 0
  m_StaticEditorFlags: 0
  m_IsActive: 1
--- !u!4 &2238187175670408437
Transform:
  m_ObjectHideFlags: 0
  m_CorrespondingSourceObject: {fileID: 0}
  m_PrefabInstance: {fileID: 0}
  m_PrefabAsset: {fileID: 0}
  m_GameObject: {fileID: 983530233275888090}
  m_LocalRotation: {x: 0, y: -0, z: -0, w: 1}
  m_LocalPosition: {x: -0, y: 0.004666399, z: 0}
  m_LocalScale: {x: 1, y: 1, z: 1}
  m_ConstrainProportionsScale: 0
  m_Children: []
  m_Father: {fileID: 138832803954989113}
  m_RootOrder: 0
  m_LocalEulerAnglesHint: {x: 0, y: 0, z: 0}
--- !u!1 &1210989087112937481
GameObject:
  m_ObjectHideFlags: 0
  m_CorrespondingSourceObject: {fileID: 0}
  m_PrefabInstance: {fileID: 0}
  m_PrefabAsset: {fileID: 0}
  serializedVersion: 6
  m_Component:
  - component: {fileID: 8368988044759549888}
  - component: {fileID: 7364773755002876745}
  m_Layer: 0
  m_Name: Legs
  m_TagString: Untagged
  m_Icon: {fileID: 0}
  m_NavMeshLayer: 0
  m_StaticEditorFlags: 0
  m_IsActive: 1
--- !u!4 &8368988044759549888
Transform:
  m_ObjectHideFlags: 0
  m_CorrespondingSourceObject: {fileID: 0}
  m_PrefabInstance: {fileID: 0}
  m_PrefabAsset: {fileID: 0}
  m_GameObject: {fileID: 1210989087112937481}
  m_LocalRotation: {x: -0.7071068, y: 0, z: -0, w: 0.7071067}
  m_LocalPosition: {x: 0.23096733, y: 0.31180733, z: 0}
  m_LocalScale: {x: 15.092966, y: 15.092966, z: 61.5861}
  m_ConstrainProportionsScale: 0
  m_Children: []
  m_Father: {fileID: 4944319725762334820}
  m_RootOrder: 1
  m_LocalEulerAnglesHint: {x: 0, y: 0, z: 0}
--- !u!137 &7364773755002876745
SkinnedMeshRenderer:
  m_ObjectHideFlags: 0
  m_CorrespondingSourceObject: {fileID: 0}
  m_PrefabInstance: {fileID: 0}
  m_PrefabAsset: {fileID: 0}
  m_GameObject: {fileID: 1210989087112937481}
  m_Enabled: 1
  m_CastShadows: 1
  m_ReceiveShadows: 1
  m_DynamicOccludee: 1
  m_StaticShadowCaster: 0
  m_MotionVectors: 1
  m_LightProbeUsage: 1
  m_ReflectionProbeUsage: 1
  m_RayTracingMode: 3
  m_RayTraceProcedural: 0
  m_RenderingLayerMask: 1
  m_RendererPriority: 0
  m_Materials:
  - {fileID: 2100000, guid: 8ced3e10b087e4c4f810acd1c9b1e349, type: 2}
  - {fileID: 2100000, guid: ad7d5fa91331e6d4fb27bf0774b591be, type: 2}
  - {fileID: 2100000, guid: 48605b6ac65c45b41b124a65a564bd87, type: 2}
  m_StaticBatchInfo:
    firstSubMesh: 0
    subMeshCount: 0
  m_StaticBatchRoot: {fileID: 0}
  m_ProbeAnchor: {fileID: 0}
  m_LightProbeVolumeOverride: {fileID: 0}
  m_ScaleInLightmap: 1
  m_ReceiveGI: 1
  m_PreserveUVs: 0
  m_IgnoreNormalsForChartDetection: 0
  m_ImportantGI: 0
  m_StitchLightmapSeams: 1
  m_SelectedEditorRenderState: 3
  m_MinimumChartSize: 4
  m_AutoUVMaxDistance: 0.5
  m_AutoUVMaxAngle: 89
  m_LightmapParameters: {fileID: 0}
  m_SortingLayerID: 0
  m_SortingLayer: 0
  m_SortingOrder: 0
  serializedVersion: 2
  m_Quality: 0
  m_UpdateWhenOffscreen: 0
  m_SkinnedMotionVectors: 1
  m_Mesh: {fileID: 5949695006547949565, guid: 94a5ff4932df6d3429efea5fbe5b55a3, type: 3}
  m_Bones:
  - {fileID: 3033509053330506317}
  - {fileID: 8942919102932268654}
  - {fileID: 7692017337375964570}
  - {fileID: 4708012737547588707}
  - {fileID: 1882511508466751682}
  - {fileID: 138832803954989113}
  - {fileID: 4869637234546408429}
  m_BlendShapeWeights: []
  m_RootBone: {fileID: 3033509053330506317}
  m_AABB:
    m_Center: {x: 0.00017439364, y: 0.0055082627, z: -0.0006159246}
    m_Extent: {x: 0.007644104, y: 0.009934159, z: 0.0041462677}
  m_DirtyAABB: 0
--- !u!1 &1333813693863155775
GameObject:
  m_ObjectHideFlags: 0
  m_CorrespondingSourceObject: {fileID: 0}
  m_PrefabInstance: {fileID: 0}
  m_PrefabAsset: {fileID: 0}
  serializedVersion: 6
  m_Component:
  - component: {fileID: 138832803954989113}
  m_Layer: 0
  m_Name: Arm_L
  m_TagString: Untagged
  m_Icon: {fileID: 0}
  m_NavMeshLayer: 0
  m_StaticEditorFlags: 0
  m_IsActive: 1
--- !u!4 &138832803954989113
Transform:
  m_ObjectHideFlags: 0
  m_CorrespondingSourceObject: {fileID: 0}
  m_PrefabInstance: {fileID: 0}
  m_PrefabAsset: {fileID: 0}
  m_GameObject: {fileID: 1333813693863155775}
  m_LocalRotation: {x: 0.00056226033, y: -0.009623857, z: 0.760828, w: 0.648882}
  m_LocalPosition: {x: -0.0020393261, y: 0.0047421474, z: -0.00011554399}
  m_LocalScale: {x: 1.0000001, y: 0.99999994, z: 1}
  m_ConstrainProportionsScale: 0
  m_Children:
  - {fileID: 2238187175670408437}
  m_Father: {fileID: 7692017337375964570}
  m_RootOrder: 0
  m_LocalEulerAnglesHint: {x: 0, y: 0, z: 0}
--- !u!1 &1608793666199986093
GameObject:
  m_ObjectHideFlags: 0
  m_CorrespondingSourceObject: {fileID: 0}
  m_PrefabInstance: {fileID: 0}
  m_PrefabAsset: {fileID: 0}
  serializedVersion: 6
  m_Component:
  - component: {fileID: 6706181535112035471}
  m_Layer: 0
  m_Name: Leg_L_end
  m_TagString: Untagged
  m_Icon: {fileID: 0}
  m_NavMeshLayer: 0
  m_StaticEditorFlags: 0
  m_IsActive: 1
--- !u!4 &6706181535112035471
Transform:
  m_ObjectHideFlags: 0
  m_CorrespondingSourceObject: {fileID: 0}
  m_PrefabInstance: {fileID: 0}
  m_PrefabAsset: {fileID: 0}
  m_GameObject: {fileID: 1608793666199986093}
  m_LocalRotation: {x: 0, y: -0, z: -0, w: 1}
  m_LocalPosition: {x: -0, y: 0.0044850074, z: 0}
  m_LocalScale: {x: 1, y: 1, z: 1}
  m_ConstrainProportionsScale: 0
  m_Children: []
  m_Father: {fileID: 4869637234546408429}
  m_RootOrder: 0
  m_LocalEulerAnglesHint: {x: 0, y: 0, z: 0}
--- !u!1 &2500306588713732784
GameObject:
  m_ObjectHideFlags: 0
  m_CorrespondingSourceObject: {fileID: 0}
  m_PrefabInstance: {fileID: 0}
  m_PrefabAsset: {fileID: 0}
  serializedVersion: 6
  m_Component:
  - component: {fileID: 4047915601038835962}
  m_Layer: 0
  m_Name: Armature
  m_TagString: Untagged
  m_Icon: {fileID: 0}
  m_NavMeshLayer: 0
  m_StaticEditorFlags: 0
  m_IsActive: 1
--- !u!4 &4047915601038835962
Transform:
  m_ObjectHideFlags: 0
  m_CorrespondingSourceObject: {fileID: 0}
  m_PrefabInstance: {fileID: 0}
  m_PrefabAsset: {fileID: 0}
  m_GameObject: {fileID: 2500306588713732784}
  m_LocalRotation: {x: -0.7071068, y: 0, z: -0, w: 0.7071067}
  m_LocalPosition: {x: -0, y: 0.7484432, z: 0}
  m_LocalScale: {x: 161.02423, y: 161.02423, z: 161.02423}
  m_ConstrainProportionsScale: 0
  m_Children:
  - {fileID: 3033509053330506317}
  m_Father: {fileID: 4944319725762334820}
  m_RootOrder: 0
  m_LocalEulerAnglesHint: {x: 0, y: 0, z: 0}
--- !u!1 &3447775382499803795
GameObject:
  m_ObjectHideFlags: 0
  m_CorrespondingSourceObject: {fileID: 0}
  m_PrefabInstance: {fileID: 0}
  m_PrefabAsset: {fileID: 0}
  serializedVersion: 6
  m_Component:
  - component: {fileID: 4869637234546408429}
  m_Layer: 0
  m_Name: Leg_L
  m_TagString: Untagged
  m_Icon: {fileID: 0}
  m_NavMeshLayer: 0
  m_StaticEditorFlags: 0
  m_IsActive: 1
--- !u!4 &4869637234546408429
Transform:
  m_ObjectHideFlags: 0
  m_CorrespondingSourceObject: {fileID: 0}
  m_PrefabInstance: {fileID: 0}
  m_PrefabAsset: {fileID: 0}
  m_GameObject: {fileID: 3447775382499803795}
  m_LocalRotation: {x: 0.7430324, y: -0.048802093, z: -0.6673726, w: -0.011622604}
  m_LocalPosition: {x: -0.0010927237, y: 0.0007524329, z: 0.000058275746}
  m_LocalScale: {x: 1.0000193, y: 1, z: 1.0000056}
  m_ConstrainProportionsScale: 0
  m_Children:
  - {fileID: 6706181535112035471}
  m_Father: {fileID: 3033509053330506317}
  m_RootOrder: 1
  m_LocalEulerAnglesHint: {x: 0, y: 0, z: 0}
--- !u!1 &3938250433362883965
GameObject:
  m_ObjectHideFlags: 0
  m_CorrespondingSourceObject: {fileID: 0}
  m_PrefabInstance: {fileID: 0}
  m_PrefabAsset: {fileID: 0}
  serializedVersion: 6
  m_Component:
  - component: {fileID: 7692017337375964570}
  m_Layer: 0
  m_Name: Chest
  m_TagString: Untagged
  m_Icon: {fileID: 0}
  m_NavMeshLayer: 0
  m_StaticEditorFlags: 0
  m_IsActive: 1
--- !u!4 &7692017337375964570
Transform:
  m_ObjectHideFlags: 0
  m_CorrespondingSourceObject: {fileID: 0}
  m_PrefabInstance: {fileID: 0}
  m_PrefabAsset: {fileID: 0}
  m_GameObject: {fileID: 3938250433362883965}
  m_LocalRotation: {x: -0.08944727, y: -0.000053025844, z: -0.018304497, w: 0.9958234}
  m_LocalPosition: {x: -9.822542e-13, y: 0.0012600143, z: -2.0054357e-11}
  m_LocalScale: {x: 1, y: 1, z: 0.99999994}
  m_ConstrainProportionsScale: 0
  m_Children:
  - {fileID: 138832803954989113}
  - {fileID: 4708012737547588707}
  - {fileID: 1882511508466751682}
  - {fileID: 2614528921094359458}
  m_Father: {fileID: 3033509053330506317}
  m_RootOrder: 0
  m_LocalEulerAnglesHint: {x: 0, y: 0, z: 0}
--- !u!1 &4245447931713106942
GameObject:
  m_ObjectHideFlags: 0
  m_CorrespondingSourceObject: {fileID: 0}
  m_PrefabInstance: {fileID: 0}
  m_PrefabAsset: {fileID: 0}
  serializedVersion: 6
  m_Component:
  - component: {fileID: 3033509053330506317}
  m_Layer: 0
  m_Name: Pelvis
  m_TagString: Untagged
  m_Icon: {fileID: 0}
  m_NavMeshLayer: 0
  m_StaticEditorFlags: 0
  m_IsActive: 1
--- !u!4 &3033509053330506317
Transform:
  m_ObjectHideFlags: 0
  m_CorrespondingSourceObject: {fileID: 0}
  m_PrefabInstance: {fileID: 0}
  m_PrefabAsset: {fileID: 0}
  m_GameObject: {fileID: 4245447931713106942}
  m_LocalRotation: {x: 0.75035936, y: -0.008902957, z: 0.0089029195, w: 0.66091025}
  m_LocalPosition: {x: -0.000018235574, y: -0.000069655456, z: -0.0005972423}
  m_LocalScale: {x: 0.99999994, y: 1, z: 0.99999994}
  m_ConstrainProportionsScale: 0
  m_Children:
  - {fileID: 7692017337375964570}
  - {fileID: 4869637234546408429}
  - {fileID: 8942919102932268654}
  m_Father: {fileID: 4047915601038835962}
  m_RootOrder: 0
  m_LocalEulerAnglesHint: {x: 0, y: 0, z: 0}
--- !u!1 &4365956811076824291
GameObject:
  m_ObjectHideFlags: 0
  m_CorrespondingSourceObject: {fileID: 0}
  m_PrefabInstance: {fileID: 0}
  m_PrefabAsset: {fileID: 0}
  serializedVersion: 6
  m_Component:
  - component: {fileID: 7481167724341639337}
  m_Layer: 0
  m_Name: Arm_R_end
  m_TagString: Untagged
  m_Icon: {fileID: 0}
  m_NavMeshLayer: 0
  m_StaticEditorFlags: 0
  m_IsActive: 1
--- !u!4 &7481167724341639337
Transform:
  m_ObjectHideFlags: 0
  m_CorrespondingSourceObject: {fileID: 0}
  m_PrefabInstance: {fileID: 0}
  m_PrefabAsset: {fileID: 0}
  m_GameObject: {fileID: 4365956811076824291}
  m_LocalRotation: {x: 0, y: -0, z: -0, w: 1}
  m_LocalPosition: {x: -0, y: 0.004666399, z: 0}
  m_LocalScale: {x: 1, y: 1, z: 1}
  m_ConstrainProportionsScale: 0
  m_Children: []
  m_Father: {fileID: 4708012737547588707}
  m_RootOrder: 0
  m_LocalEulerAnglesHint: {x: 0, y: 0, z: 0}
--- !u!1 &4977353618770437355
GameObject:
  m_ObjectHideFlags: 0
  m_CorrespondingSourceObject: {fileID: 0}
  m_PrefabInstance: {fileID: 0}
  m_PrefabAsset: {fileID: 0}
  serializedVersion: 6
  m_Component:
  - component: {fileID: 8942919102932268654}
  m_Layer: 0
  m_Name: Leg_R
  m_TagString: Untagged
  m_Icon: {fileID: 0}
  m_NavMeshLayer: 0
  m_StaticEditorFlags: 0
  m_IsActive: 1
--- !u!4 &8942919102932268654
Transform:
  m_ObjectHideFlags: 0
  m_CorrespondingSourceObject: {fileID: 0}
  m_PrefabInstance: {fileID: 0}
  m_PrefabAsset: {fileID: 0}
  m_GameObject: {fileID: 4977353618770437355}
  m_LocalRotation: {x: 0.74295735, y: 0.030132582, z: 0.6686397, w: 0.0052295728}
  m_LocalPosition: {x: 0.0011654157, y: 0.00069567043, z: 0.00006187333}
  m_LocalScale: {x: 1.0000013, y: 1, z: 1.0000021}
  m_ConstrainProportionsScale: 0
  m_Children:
  - {fileID: 3297830512709082649}
  m_Father: {fileID: 3033509053330506317}
  m_RootOrder: 2
  m_LocalEulerAnglesHint: {x: 0, y: 0, z: 0}
--- !u!1 &5643310040181797171
GameObject:
  m_ObjectHideFlags: 0
  m_CorrespondingSourceObject: {fileID: 0}
  m_PrefabInstance: {fileID: 0}
  m_PrefabAsset: {fileID: 0}
  serializedVersion: 6
  m_Component:
  - component: {fileID: 8690038590152559451}
  m_Layer: 0
  m_Name: Head_end
  m_TagString: Untagged
  m_Icon: {fileID: 0}
  m_NavMeshLayer: 0
  m_StaticEditorFlags: 0
  m_IsActive: 1
--- !u!4 &8690038590152559451
Transform:
  m_ObjectHideFlags: 0
  m_CorrespondingSourceObject: {fileID: 0}
  m_PrefabInstance: {fileID: 0}
  m_PrefabAsset: {fileID: 0}
  m_GameObject: {fileID: 5643310040181797171}
  m_LocalRotation: {x: 0, y: -0, z: -0, w: 1}
  m_LocalPosition: {x: -0, y: 0.0046309135, z: 0}
  m_LocalScale: {x: 1, y: 1, z: 1}
  m_ConstrainProportionsScale: 0
  m_Children:
  - {fileID: 4944319725317739776}
  - {fileID: 4944319726695046071}
  - {fileID: 4944319726360452395}
  - {fileID: 4944319726335074771}
  - {fileID: 4627443048146346102}
  m_Father: {fileID: 1882511508466751682}
  m_RootOrder: 0
  m_LocalEulerAnglesHint: {x: 0, y: 0, z: 0}
--- !u!1 &5752803392568494814
GameObject:
  m_ObjectHideFlags: 0
  m_CorrespondingSourceObject: {fileID: 0}
  m_PrefabInstance: {fileID: 0}
  m_PrefabAsset: {fileID: 0}
  serializedVersion: 6
  m_Component:
  - component: {fileID: 4944319725762334820}
  - component: {fileID: 4834466750814238595}
  m_Layer: 0
  m_Name: Player
  m_TagString: Untagged
  m_Icon: {fileID: 0}
  m_NavMeshLayer: 0
  m_StaticEditorFlags: 0
  m_IsActive: 1
--- !u!4 &4944319725762334820
Transform:
  m_ObjectHideFlags: 0
  m_CorrespondingSourceObject: {fileID: 0}
  m_PrefabInstance: {fileID: 0}
  m_PrefabAsset: {fileID: 0}
  m_GameObject: {fileID: 5752803392568494814}
  m_LocalRotation: {x: 0, y: 0, z: 0, w: 1}
  m_LocalPosition: {x: 5.0941815, y: 0.00000047683716, z: -26.318813}
  m_LocalScale: {x: 0.8, y: 0.8, z: 0.8}
  m_ConstrainProportionsScale: 0
  m_Children:
  - {fileID: 4047915601038835962}
  - {fileID: 8368988044759549888}
  m_Father: {fileID: 0}
  m_RootOrder: 0
  m_LocalEulerAnglesHint: {x: 0, y: 0, z: 0}
--- !u!95 &4834466750814238595
Animator:
  serializedVersion: 5
  m_ObjectHideFlags: 0
  m_CorrespondingSourceObject: {fileID: 0}
  m_PrefabInstance: {fileID: 0}
  m_PrefabAsset: {fileID: 0}
  m_GameObject: {fileID: 5752803392568494814}
  m_Enabled: 1
  m_Avatar: {fileID: 0}
  m_Controller: {fileID: 9100000, guid: 95b48897b338c1d4380f08d48df44dac, type: 2}
  m_CullingMode: 0
  m_UpdateMode: 0
  m_ApplyRootMotion: 0
  m_LinearVelocityBlending: 0
  m_StabilizeFeet: 0
  m_WarningMessage: 
  m_HasTransformHierarchy: 1
  m_AllowConstantClipSamplingOptimization: 1
  m_KeepAnimatorStateOnDisable: 0
  m_WriteDefaultValuesOnDisable: 0
--- !u!1 &5783120105087089711
GameObject:
  m_ObjectHideFlags: 0
  m_CorrespondingSourceObject: {fileID: 0}
  m_PrefabInstance: {fileID: 0}
  m_PrefabAsset: {fileID: 0}
  serializedVersion: 6
  m_Component:
  - component: {fileID: 3297830512709082649}
  m_Layer: 0
  m_Name: Leg_R_end
  m_TagString: Untagged
  m_Icon: {fileID: 0}
  m_NavMeshLayer: 0
  m_StaticEditorFlags: 0
  m_IsActive: 1
--- !u!4 &3297830512709082649
Transform:
  m_ObjectHideFlags: 0
  m_CorrespondingSourceObject: {fileID: 0}
  m_PrefabInstance: {fileID: 0}
  m_PrefabAsset: {fileID: 0}
  m_GameObject: {fileID: 5783120105087089711}
  m_LocalRotation: {x: 0, y: -0, z: -0, w: 1}
  m_LocalPosition: {x: -0, y: 0.0044850074, z: 0}
  m_LocalScale: {x: 1, y: 1, z: 1}
  m_ConstrainProportionsScale: 0
  m_Children: []
  m_Father: {fileID: 8942919102932268654}
  m_RootOrder: 0
  m_LocalEulerAnglesHint: {x: 0, y: 0, z: 0}
--- !u!1 &6901393964550975585
GameObject:
  m_ObjectHideFlags: 0
  m_CorrespondingSourceObject: {fileID: 0}
  m_PrefabInstance: {fileID: 0}
  m_PrefabAsset: {fileID: 0}
  serializedVersion: 6
  m_Component:
  - component: {fileID: 4708012737547588707}
  m_Layer: 0
  m_Name: Arm_R
  m_TagString: Untagged
  m_Icon: {fileID: 0}
  m_NavMeshLayer: 0
  m_StaticEditorFlags: 0
  m_IsActive: 1
--- !u!4 &4708012737547588707
Transform:
  m_ObjectHideFlags: 0
  m_CorrespondingSourceObject: {fileID: 0}
  m_PrefabInstance: {fileID: 0}
  m_PrefabAsset: {fileID: 0}
  m_GameObject: {fileID: 6901393964550975585}
  m_LocalRotation: {x: 0.0006485625, y: 0.009461973, z: -0.7533415, w: 0.6575611}
  m_LocalPosition: {x: 0.002029954, y: 0.0047887852, z: -0.00011449225}
  m_LocalScale: {x: 1.0000001, y: 1.0000001, z: 1}
  m_ConstrainProportionsScale: 0
  m_Children:
  - {fileID: 7481167724341639337}
  m_Father: {fileID: 7692017337375964570}
  m_RootOrder: 1
  m_LocalEulerAnglesHint: {x: 0, y: 0, z: 0}
--- !u!1 &7470118041306796870
GameObject:
  m_ObjectHideFlags: 0
  m_CorrespondingSourceObject: {fileID: 0}
  m_PrefabInstance: {fileID: 0}
  m_PrefabAsset: {fileID: 0}
  serializedVersion: 6
  m_Component:
  - component: {fileID: 1882511508466751682}
  m_Layer: 0
  m_Name: Head
  m_TagString: Untagged
  m_Icon: {fileID: 0}
  m_NavMeshLayer: 0
  m_StaticEditorFlags: 0
  m_IsActive: 1
--- !u!4 &1882511508466751682
Transform:
  m_ObjectHideFlags: 0
  m_CorrespondingSourceObject: {fileID: 0}
  m_PrefabInstance: {fileID: 0}
  m_PrefabAsset: {fileID: 0}
  m_GameObject: {fileID: 7470118041306796870}
  m_LocalRotation: {x: 0.026274687, y: 0.00000005317046, z: 0.0057311156, w: 0.9996384}
  m_LocalPosition: {x: 4.6624076e-12, y: 0.004354007, z: -2.3309166e-14}
  m_LocalScale: {x: 1, y: 1, z: 1}
  m_ConstrainProportionsScale: 0
  m_Children:
  - {fileID: 8690038590152559451}
  m_Father: {fileID: 7692017337375964570}
  m_RootOrder: 2
  m_LocalEulerAnglesHint: {x: 0, y: 0, z: 0}
--- !u!1001 &2576645365628268105
PrefabInstance:
  m_ObjectHideFlags: 0
  serializedVersion: 2
  m_Modification:
    m_TransformParent: {fileID: 7692017337375964570}
    m_Modifications:
    - target: {fileID: -8679921383154817045, guid: 36f8f0d936a0e584cb9cba07aadc35c0,
        type: 3}
      propertyPath: m_RootOrder
      value: 3
      objectReference: {fileID: 0}
    - target: {fileID: -8679921383154817045, guid: 36f8f0d936a0e584cb9cba07aadc35c0,
        type: 3}
      propertyPath: m_LocalScale.x
      value: 0.31051227
      objectReference: {fileID: 0}
    - target: {fileID: -8679921383154817045, guid: 36f8f0d936a0e584cb9cba07aadc35c0,
        type: 3}
      propertyPath: m_LocalScale.y
      value: 0.31051236
      objectReference: {fileID: 0}
    - target: {fileID: -8679921383154817045, guid: 36f8f0d936a0e584cb9cba07aadc35c0,
        type: 3}
      propertyPath: m_LocalScale.z
      value: 0.31051227
      objectReference: {fileID: 0}
    - target: {fileID: -8679921383154817045, guid: 36f8f0d936a0e584cb9cba07aadc35c0,
        type: 3}
      propertyPath: m_LocalPosition.x
      value: -0.00012074053
      objectReference: {fileID: 0}
    - target: {fileID: -8679921383154817045, guid: 36f8f0d936a0e584cb9cba07aadc35c0,
        type: 3}
      propertyPath: m_LocalPosition.y
      value: 0.0013384437
      objectReference: {fileID: 0}
    - target: {fileID: -8679921383154817045, guid: 36f8f0d936a0e584cb9cba07aadc35c0,
        type: 3}
      propertyPath: m_LocalPosition.z
      value: -0.002235673
      objectReference: {fileID: 0}
    - target: {fileID: -8679921383154817045, guid: 36f8f0d936a0e584cb9cba07aadc35c0,
        type: 3}
      propertyPath: m_LocalRotation.w
      value: 0.7254299
      objectReference: {fileID: 0}
    - target: {fileID: -8679921383154817045, guid: 36f8f0d936a0e584cb9cba07aadc35c0,
        type: 3}
      propertyPath: m_LocalRotation.x
      value: -0.6882722
      objectReference: {fileID: 0}
    - target: {fileID: -8679921383154817045, guid: 36f8f0d936a0e584cb9cba07aadc35c0,
        type: 3}
      propertyPath: m_LocalRotation.y
      value: -0.004037791
      objectReference: {fileID: 0}
    - target: {fileID: -8679921383154817045, guid: 36f8f0d936a0e584cb9cba07aadc35c0,
        type: 3}
      propertyPath: m_LocalRotation.z
      value: 0.0040680277
      objectReference: {fileID: 0}
    - target: {fileID: -8679921383154817045, guid: 36f8f0d936a0e584cb9cba07aadc35c0,
        type: 3}
      propertyPath: m_LocalEulerAnglesHint.x
      value: 0
      objectReference: {fileID: 0}
    - target: {fileID: -8679921383154817045, guid: 36f8f0d936a0e584cb9cba07aadc35c0,
        type: 3}
      propertyPath: m_LocalEulerAnglesHint.y
      value: 0
      objectReference: {fileID: 0}
    - target: {fileID: -8679921383154817045, guid: 36f8f0d936a0e584cb9cba07aadc35c0,
        type: 3}
      propertyPath: m_LocalEulerAnglesHint.z
      value: 0
      objectReference: {fileID: 0}
    - target: {fileID: 919132149155446097, guid: 36f8f0d936a0e584cb9cba07aadc35c0,
        type: 3}
      propertyPath: m_Name
      value: pocket
      objectReference: {fileID: 0}
    m_RemovedComponents: []
  m_SourcePrefab: {fileID: 100100000, guid: 36f8f0d936a0e584cb9cba07aadc35c0, type: 3}
--- !u!4 &2614528921094359458 stripped
Transform:
  m_CorrespondingSourceObject: {fileID: -8679921383154817045, guid: 36f8f0d936a0e584cb9cba07aadc35c0,
    type: 3}
  m_PrefabInstance: {fileID: 2576645365628268105}
  m_PrefabAsset: {fileID: 0}
--- !u!1001 &4834466749915085916
PrefabInstance:
  m_ObjectHideFlags: 0
  serializedVersion: 2
  m_Modification:
    m_TransformParent: {fileID: 8690038590152559451}
    m_Modifications:
    - target: {fileID: -8679921383154817045, guid: 1af74d6eb5f199c4596e02f94a6fb4eb,
        type: 3}
      propertyPath: m_RootOrder
      value: 1
      objectReference: {fileID: 0}
    - target: {fileID: -8679921383154817045, guid: 1af74d6eb5f199c4596e02f94a6fb4eb,
        type: 3}
      propertyPath: m_LocalScale.x
      value: 0.31051227
      objectReference: {fileID: 0}
    - target: {fileID: -8679921383154817045, guid: 1af74d6eb5f199c4596e02f94a6fb4eb,
        type: 3}
      propertyPath: m_LocalScale.y
      value: 0.31051233
      objectReference: {fileID: 0}
    - target: {fileID: -8679921383154817045, guid: 1af74d6eb5f199c4596e02f94a6fb4eb,
        type: 3}
      propertyPath: m_LocalScale.z
      value: 0.31051227
      objectReference: {fileID: 0}
    - target: {fileID: -8679921383154817045, guid: 1af74d6eb5f199c4596e02f94a6fb4eb,
        type: 3}
      propertyPath: m_LocalPosition.x
      value: -0.00307
      objectReference: {fileID: 0}
    - target: {fileID: -8679921383154817045, guid: 1af74d6eb5f199c4596e02f94a6fb4eb,
        type: 3}
      propertyPath: m_LocalPosition.y
      value: -0.01435
      objectReference: {fileID: 0}
    - target: {fileID: -8679921383154817045, guid: 1af74d6eb5f199c4596e02f94a6fb4eb,
        type: 3}
      propertyPath: m_LocalPosition.z
      value: -0.00012
      objectReference: {fileID: 0}
    - target: {fileID: -8679921383154817045, guid: 1af74d6eb5f199c4596e02f94a6fb4eb,
        type: 3}
      propertyPath: m_LocalRotation.w
      value: 0.70710677
      objectReference: {fileID: 0}
    - target: {fileID: -8679921383154817045, guid: 1af74d6eb5f199c4596e02f94a6fb4eb,
        type: 3}
      propertyPath: m_LocalRotation.x
      value: -0.7071068
      objectReference: {fileID: 0}
    - target: {fileID: -8679921383154817045, guid: 1af74d6eb5f199c4596e02f94a6fb4eb,
        type: 3}
      propertyPath: m_LocalRotation.y
      value: 0.0000150842425
      objectReference: {fileID: 0}
    - target: {fileID: -8679921383154817045, guid: 1af74d6eb5f199c4596e02f94a6fb4eb,
        type: 3}
      propertyPath: m_LocalRotation.z
      value: 0.000015089381
      objectReference: {fileID: 0}
    - target: {fileID: -8679921383154817045, guid: 1af74d6eb5f199c4596e02f94a6fb4eb,
        type: 3}
      propertyPath: m_LocalEulerAnglesHint.x
      value: 0
      objectReference: {fileID: 0}
    - target: {fileID: -8679921383154817045, guid: 1af74d6eb5f199c4596e02f94a6fb4eb,
        type: 3}
      propertyPath: m_LocalEulerAnglesHint.y
      value: 0
      objectReference: {fileID: 0}
    - target: {fileID: -8679921383154817045, guid: 1af74d6eb5f199c4596e02f94a6fb4eb,
        type: 3}
      propertyPath: m_LocalEulerAnglesHint.z
      value: 0
      objectReference: {fileID: 0}
    - target: {fileID: 919132149155446097, guid: 1af74d6eb5f199c4596e02f94a6fb4eb,
        type: 3}
      propertyPath: m_Name
      value: eye (1)
      objectReference: {fileID: 0}
    m_RemovedComponents: []
  m_SourcePrefab: {fileID: 100100000, guid: 1af74d6eb5f199c4596e02f94a6fb4eb, type: 3}
--- !u!4 &4944319726695046071 stripped
Transform:
  m_CorrespondingSourceObject: {fileID: -8679921383154817045, guid: 1af74d6eb5f199c4596e02f94a6fb4eb,
    type: 3}
  m_PrefabInstance: {fileID: 4834466749915085916}
  m_PrefabAsset: {fileID: 0}
--- !u!1001 &4834466750241556024
PrefabInstance:
  m_ObjectHideFlags: 0
  serializedVersion: 2
  m_Modification:
    m_TransformParent: {fileID: 8690038590152559451}
    m_Modifications:
    - target: {fileID: -8679921383154817045, guid: b48a535c73b3d2642b926678f4bf23de,
        type: 3}
      propertyPath: m_RootOrder
      value: 3
      objectReference: {fileID: 0}
    - target: {fileID: -8679921383154817045, guid: b48a535c73b3d2642b926678f4bf23de,
        type: 3}
      propertyPath: m_LocalScale.x
      value: -0.3105123
      objectReference: {fileID: 0}
    - target: {fileID: -8679921383154817045, guid: b48a535c73b3d2642b926678f4bf23de,
        type: 3}
      propertyPath: m_LocalScale.y
      value: -0.3105123
      objectReference: {fileID: 0}
    - target: {fileID: -8679921383154817045, guid: b48a535c73b3d2642b926678f4bf23de,
        type: 3}
      propertyPath: m_LocalScale.z
      value: 0.31051227
      objectReference: {fileID: 0}
    - target: {fileID: -8679921383154817045, guid: b48a535c73b3d2642b926678f4bf23de,
        type: 3}
      propertyPath: m_LocalPosition.x
      value: -0.00013
      objectReference: {fileID: 0}
    - target: {fileID: -8679921383154817045, guid: b48a535c73b3d2642b926678f4bf23de,
        type: 3}
      propertyPath: m_LocalPosition.y
      value: -0.0143800005
      objectReference: {fileID: 0}
    - target: {fileID: -8679921383154817045, guid: b48a535c73b3d2642b926678f4bf23de,
        type: 3}
      propertyPath: m_LocalPosition.z
      value: 0.00759
      objectReference: {fileID: 0}
    - target: {fileID: -8679921383154817045, guid: b48a535c73b3d2642b926678f4bf23de,
        type: 3}
      propertyPath: m_LocalRotation.w
      value: 0.70710677
      objectReference: {fileID: 0}
    - target: {fileID: -8679921383154817045, guid: b48a535c73b3d2642b926678f4bf23de,
        type: 3}
      propertyPath: m_LocalRotation.x
      value: -0.7071068
      objectReference: {fileID: 0}
    - target: {fileID: -8679921383154817045, guid: b48a535c73b3d2642b926678f4bf23de,
        type: 3}
      propertyPath: m_LocalRotation.y
      value: 0.0000150842425
      objectReference: {fileID: 0}
    - target: {fileID: -8679921383154817045, guid: b48a535c73b3d2642b926678f4bf23de,
        type: 3}
      propertyPath: m_LocalRotation.z
      value: 0.000015089381
      objectReference: {fileID: 0}
    - target: {fileID: -8679921383154817045, guid: b48a535c73b3d2642b926678f4bf23de,
        type: 3}
      propertyPath: m_LocalEulerAnglesHint.x
      value: 0
      objectReference: {fileID: 0}
    - target: {fileID: -8679921383154817045, guid: b48a535c73b3d2642b926678f4bf23de,
        type: 3}
      propertyPath: m_LocalEulerAnglesHint.y
      value: 0
      objectReference: {fileID: 0}
    - target: {fileID: -8679921383154817045, guid: b48a535c73b3d2642b926678f4bf23de,
        type: 3}
      propertyPath: m_LocalEulerAnglesHint.z
      value: 0
      objectReference: {fileID: 0}
    - target: {fileID: 919132149155446097, guid: b48a535c73b3d2642b926678f4bf23de,
        type: 3}
      propertyPath: m_Name
      value: eyebrow (1)
      objectReference: {fileID: 0}
    m_RemovedComponents: []
  m_SourcePrefab: {fileID: 100100000, guid: b48a535c73b3d2642b926678f4bf23de, type: 3}
--- !u!4 &4944319726335074771 stripped
Transform:
  m_CorrespondingSourceObject: {fileID: -8679921383154817045, guid: b48a535c73b3d2642b926678f4bf23de,
    type: 3}
  m_PrefabInstance: {fileID: 4834466750241556024}
  m_PrefabAsset: {fileID: 0}
--- !u!1001 &4834466750250007232
PrefabInstance:
  m_ObjectHideFlags: 0
  serializedVersion: 2
  m_Modification:
    m_TransformParent: {fileID: 8690038590152559451}
    m_Modifications:
    - target: {fileID: -8679921383154817045, guid: b48a535c73b3d2642b926678f4bf23de,
        type: 3}
      propertyPath: m_RootOrder
      value: 2
      objectReference: {fileID: 0}
    - target: {fileID: -8679921383154817045, guid: b48a535c73b3d2642b926678f4bf23de,
        type: 3}
      propertyPath: m_LocalScale.x
      value: 0.31051227
      objectReference: {fileID: 0}
    - target: {fileID: -8679921383154817045, guid: b48a535c73b3d2642b926678f4bf23de,
        type: 3}
      propertyPath: m_LocalScale.y
      value: 0.31051233
      objectReference: {fileID: 0}
    - target: {fileID: -8679921383154817045, guid: b48a535c73b3d2642b926678f4bf23de,
        type: 3}
      propertyPath: m_LocalScale.z
      value: 0.31051227
      objectReference: {fileID: 0}
    - target: {fileID: -8679921383154817045, guid: b48a535c73b3d2642b926678f4bf23de,
        type: 3}
      propertyPath: m_LocalPosition.x
      value: -0.00003
      objectReference: {fileID: 0}
    - target: {fileID: -8679921383154817045, guid: b48a535c73b3d2642b926678f4bf23de,
        type: 3}
      propertyPath: m_LocalPosition.y
      value: -0.01438
      objectReference: {fileID: 0}
    - target: {fileID: -8679921383154817045, guid: b48a535c73b3d2642b926678f4bf23de,
        type: 3}
      propertyPath: m_LocalPosition.z
      value: 0.00001
      objectReference: {fileID: 0}
    - target: {fileID: -8679921383154817045, guid: b48a535c73b3d2642b926678f4bf23de,
        type: 3}
      propertyPath: m_LocalRotation.w
      value: 0.70710677
      objectReference: {fileID: 0}
    - target: {fileID: -8679921383154817045, guid: b48a535c73b3d2642b926678f4bf23de,
        type: 3}
      propertyPath: m_LocalRotation.x
      value: -0.7071068
      objectReference: {fileID: 0}
    - target: {fileID: -8679921383154817045, guid: b48a535c73b3d2642b926678f4bf23de,
        type: 3}
      propertyPath: m_LocalRotation.y
      value: 0.0000150842425
      objectReference: {fileID: 0}
    - target: {fileID: -8679921383154817045, guid: b48a535c73b3d2642b926678f4bf23de,
        type: 3}
      propertyPath: m_LocalRotation.z
      value: 0.000015089381
      objectReference: {fileID: 0}
    - target: {fileID: -8679921383154817045, guid: b48a535c73b3d2642b926678f4bf23de,
        type: 3}
      propertyPath: m_LocalEulerAnglesHint.x
      value: 0
      objectReference: {fileID: 0}
    - target: {fileID: -8679921383154817045, guid: b48a535c73b3d2642b926678f4bf23de,
        type: 3}
      propertyPath: m_LocalEulerAnglesHint.y
      value: 0
      objectReference: {fileID: 0}
    - target: {fileID: -8679921383154817045, guid: b48a535c73b3d2642b926678f4bf23de,
        type: 3}
      propertyPath: m_LocalEulerAnglesHint.z
      value: 0
      objectReference: {fileID: 0}
    - target: {fileID: 919132149155446097, guid: b48a535c73b3d2642b926678f4bf23de,
        type: 3}
      propertyPath: m_Name
      value: eyebrow
      objectReference: {fileID: 0}
    m_RemovedComponents: []
  m_SourcePrefab: {fileID: 100100000, guid: b48a535c73b3d2642b926678f4bf23de, type: 3}
--- !u!4 &4944319726360452395 stripped
Transform:
  m_CorrespondingSourceObject: {fileID: -8679921383154817045, guid: b48a535c73b3d2642b926678f4bf23de,
    type: 3}
  m_PrefabInstance: {fileID: 4834466750250007232}
  m_PrefabAsset: {fileID: 0}
--- !u!1001 &4834466751292388075
PrefabInstance:
  m_ObjectHideFlags: 0
  serializedVersion: 2
  m_Modification:
    m_TransformParent: {fileID: 8690038590152559451}
    m_Modifications:
    - target: {fileID: -8679921383154817045, guid: 1af74d6eb5f199c4596e02f94a6fb4eb,
        type: 3}
      propertyPath: m_RootOrder
      value: 0
      objectReference: {fileID: 0}
    - target: {fileID: -8679921383154817045, guid: 1af74d6eb5f199c4596e02f94a6fb4eb,
        type: 3}
      propertyPath: m_LocalScale.x
      value: 0.31051227
      objectReference: {fileID: 0}
    - target: {fileID: -8679921383154817045, guid: 1af74d6eb5f199c4596e02f94a6fb4eb,
        type: 3}
      propertyPath: m_LocalScale.y
      value: 0.31051233
      objectReference: {fileID: 0}
    - target: {fileID: -8679921383154817045, guid: 1af74d6eb5f199c4596e02f94a6fb4eb,
        type: 3}
      propertyPath: m_LocalScale.z
      value: 0.31051227
      objectReference: {fileID: 0}
    - target: {fileID: -8679921383154817045, guid: 1af74d6eb5f199c4596e02f94a6fb4eb,
        type: 3}
      propertyPath: m_LocalPosition.x
      value: -0.00002
      objectReference: {fileID: 0}
    - target: {fileID: -8679921383154817045, guid: 1af74d6eb5f199c4596e02f94a6fb4eb,
        type: 3}
      propertyPath: m_LocalPosition.y
      value: -0.01435
      objectReference: {fileID: 0}
    - target: {fileID: -8679921383154817045, guid: 1af74d6eb5f199c4596e02f94a6fb4eb,
        type: 3}
      propertyPath: m_LocalPosition.z
      value: -0.00012
      objectReference: {fileID: 0}
    - target: {fileID: -8679921383154817045, guid: 1af74d6eb5f199c4596e02f94a6fb4eb,
        type: 3}
      propertyPath: m_LocalRotation.w
      value: 0.70710677
      objectReference: {fileID: 0}
    - target: {fileID: -8679921383154817045, guid: 1af74d6eb5f199c4596e02f94a6fb4eb,
        type: 3}
      propertyPath: m_LocalRotation.x
      value: -0.7071068
      objectReference: {fileID: 0}
    - target: {fileID: -8679921383154817045, guid: 1af74d6eb5f199c4596e02f94a6fb4eb,
        type: 3}
      propertyPath: m_LocalRotation.y
      value: 0.0000150842425
      objectReference: {fileID: 0}
    - target: {fileID: -8679921383154817045, guid: 1af74d6eb5f199c4596e02f94a6fb4eb,
        type: 3}
      propertyPath: m_LocalRotation.z
      value: 0.000015089381
      objectReference: {fileID: 0}
    - target: {fileID: -8679921383154817045, guid: 1af74d6eb5f199c4596e02f94a6fb4eb,
        type: 3}
      propertyPath: m_LocalEulerAnglesHint.x
      value: 0
      objectReference: {fileID: 0}
    - target: {fileID: -8679921383154817045, guid: 1af74d6eb5f199c4596e02f94a6fb4eb,
        type: 3}
      propertyPath: m_LocalEulerAnglesHint.y
      value: 0
      objectReference: {fileID: 0}
    - target: {fileID: -8679921383154817045, guid: 1af74d6eb5f199c4596e02f94a6fb4eb,
        type: 3}
      propertyPath: m_LocalEulerAnglesHint.z
      value: 0
      objectReference: {fileID: 0}
    - target: {fileID: 919132149155446097, guid: 1af74d6eb5f199c4596e02f94a6fb4eb,
        type: 3}
      propertyPath: m_Name
      value: eye
      objectReference: {fileID: 0}
    m_RemovedComponents: []
  m_SourcePrefab: {fileID: 100100000, guid: 1af74d6eb5f199c4596e02f94a6fb4eb, type: 3}
--- !u!4 &4944319725317739776 stripped
Transform:
  m_CorrespondingSourceObject: {fileID: -8679921383154817045, guid: 1af74d6eb5f199c4596e02f94a6fb4eb,
    type: 3}
  m_PrefabInstance: {fileID: 4834466751292388075}
  m_PrefabAsset: {fileID: 0}
--- !u!1001 &5169362242199635869
PrefabInstance:
  m_ObjectHideFlags: 0
  serializedVersion: 2
  m_Modification:
    m_TransformParent: {fileID: 8690038590152559451}
    m_Modifications:
    - target: {fileID: -8679921383154817045, guid: 10c70226a6e11f94880e021f583dbd55,
        type: 3}
      propertyPath: m_RootOrder
      value: 4
      objectReference: {fileID: 0}
    - target: {fileID: -8679921383154817045, guid: 10c70226a6e11f94880e021f583dbd55,
        type: 3}
      propertyPath: m_LocalScale.x
      value: 0.2853872
      objectReference: {fileID: 0}
    - target: {fileID: -8679921383154817045, guid: 10c70226a6e11f94880e021f583dbd55,
        type: 3}
      propertyPath: m_LocalScale.y
      value: 0.31051233
      objectReference: {fileID: 0}
    - target: {fileID: -8679921383154817045, guid: 10c70226a6e11f94880e021f583dbd55,
        type: 3}
      propertyPath: m_LocalScale.z
      value: 0.31051227
      objectReference: {fileID: 0}
    - target: {fileID: -8679921383154817045, guid: 10c70226a6e11f94880e021f583dbd55,
        type: 3}
      propertyPath: m_LocalPosition.x
      value: -0
      objectReference: {fileID: 0}
    - target: {fileID: -8679921383154817045, guid: 10c70226a6e11f94880e021f583dbd55,
        type: 3}
      propertyPath: m_LocalPosition.y
      value: 0.00243
      objectReference: {fileID: 0}
    - target: {fileID: -8679921383154817045, guid: 10c70226a6e11f94880e021f583dbd55,
        type: 3}
      propertyPath: m_LocalPosition.z
      value: 0.00015
      objectReference: {fileID: 0}
    - target: {fileID: -8679921383154817045, guid: 10c70226a6e11f94880e021f583dbd55,
        type: 3}
      propertyPath: m_LocalRotation.w
      value: 0.70710677
      objectReference: {fileID: 0}
    - target: {fileID: -8679921383154817045, guid: 10c70226a6e11f94880e021f583dbd55,
        type: 3}
      propertyPath: m_LocalRotation.x
      value: -0.7071068
      objectReference: {fileID: 0}
    - target: {fileID: -8679921383154817045, guid: 10c70226a6e11f94880e021f583dbd55,
        type: 3}
      propertyPath: m_LocalRotation.y
      value: 0.0000150842425
      objectReference: {fileID: 0}
    - target: {fileID: -8679921383154817045, guid: 10c70226a6e11f94880e021f583dbd55,
        type: 3}
      propertyPath: m_LocalRotation.z
      value: 0.000015089381
      objectReference: {fileID: 0}
    - target: {fileID: -8679921383154817045, guid: 10c70226a6e11f94880e021f583dbd55,
        type: 3}
      propertyPath: m_LocalEulerAnglesHint.x
      value: 0
      objectReference: {fileID: 0}
    - target: {fileID: -8679921383154817045, guid: 10c70226a6e11f94880e021f583dbd55,
        type: 3}
      propertyPath: m_LocalEulerAnglesHint.y
      value: 0
      objectReference: {fileID: 0}
    - target: {fileID: -8679921383154817045, guid: 10c70226a6e11f94880e021f583dbd55,
        type: 3}
      propertyPath: m_LocalEulerAnglesHint.z
      value: 0
      objectReference: {fileID: 0}
    - target: {fileID: 919132149155446097, guid: 10c70226a6e11f94880e021f583dbd55,
        type: 3}
      propertyPath: m_Name
      value: player_hair
      objectReference: {fileID: 0}
    m_RemovedComponents: []
  m_SourcePrefab: {fileID: 100100000, guid: 10c70226a6e11f94880e021f583dbd55, type: 3}
--- !u!4 &4627443048146346102 stripped
Transform:
  m_CorrespondingSourceObject: {fileID: -8679921383154817045, guid: 10c70226a6e11f94880e021f583dbd55,
    type: 3}
  m_PrefabInstance: {fileID: 5169362242199635869}
  m_PrefabAsset: {fileID: 0}
