%YAML 1.1
%TAG !u! tag:unity3d.com,2011:
--- !u!1 &8845555313364024949
GameObject:
  m_ObjectHideFlags: 3
  m_CorrespondingSourceObject: {fileID: 0}
  m_PrefabInstance: {fileID: 0}
  m_PrefabAsset: {fileID: 0}
  serializedVersion: 6
  m_Component:
  - component: {fileID: 8845555313364024947}
  - component: {fileID: 8845555313364024948}
  m_Layer: 0
  m_Name: MiddleRig
  m_TagString: Untagged
  m_Icon: {fileID: 0}
  m_NavMeshLayer: 0
  m_StaticEditorFlags: 0
  m_IsActive: 1
--- !u!4 &8845555313364024947
Transform:
  m_ObjectHideFlags: 3
  m_CorrespondingSourceObject: {fileID: 0}
  m_PrefabInstance: {fileID: 0}
  m_PrefabAsset: {fileID: 0}
  m_GameObject: {fileID: 8845555313364024949}
  m_LocalRotation: {x: -0.14890006, y: 0.000000019348578, z: -0.000000010768651, w: 0.9888523}
  m_LocalPosition: {x: 0, y: 0, z: 0}
  m_LocalScale: {x: 1, y: 1, z: 1}
  m_ConstrainProportionsScale: 0
  m_Children:
  - {fileID: 8845555313588220287}
  m_Father: {fileID: 8845555315070593905}
  m_RootOrder: 2
  m_LocalEulerAnglesHint: {x: 0, y: 0, z: 0}
--- !u!114 &8845555313364024948
MonoBehaviour:
  m_ObjectHideFlags: 3
  m_CorrespondingSourceObject: {fileID: 0}
  m_PrefabInstance: {fileID: 0}
  m_PrefabAsset: {fileID: 0}
  m_GameObject: {fileID: 8845555313364024949}
  m_Enabled: 1
  m_EditorHideFlags: 0
  m_Script: {fileID: 11500000, guid: 45e653bab7fb20e499bda25e1b646fea, type: 3}
  m_Name: 
  m_EditorClassIdentifier: 
  m_ExcludedPropertiesInInspector:
  - m_Script
  - Header
  - Extensions
  - m_Priority
  - m_Transitions
  - m_Follow
  - m_StandbyUpdate
  - m_Lens
  m_LockStageInInspector: 00000000
  m_StreamingVersion: 20170927
  m_Priority: 10
  m_StandbyUpdate: 2
  m_LookAt: {fileID: 0}
  m_Follow: {fileID: 0}
  m_Lens:
    FieldOfView: 40
    OrthographicSize: 10
    NearClipPlane: 0.1
    FarClipPlane: 5000
    Dutch: 0
    ModeOverride: 0
    LensShift: {x: 0, y: 0}
    GateFit: 2
    m_SensorSize: {x: 1, y: 1}
  m_Transitions:
    m_BlendHint: 0
    m_InheritPosition: 0
    m_OnCameraLive:
      m_PersistentCalls:
        m_Calls: []
  m_LegacyBlendHint: 0
  m_ComponentOwner: {fileID: 8845555313588220287}
--- !u!1 &8845555313588220272
GameObject:
  m_ObjectHideFlags: 0
  m_CorrespondingSourceObject: {fileID: 0}
  m_PrefabInstance: {fileID: 0}
  m_PrefabAsset: {fileID: 0}
  serializedVersion: 6
  m_Component:
  - component: {fileID: 8845555313588220287}
  - component: {fileID: 8845555313588220284}
  - component: {fileID: 8845555313588220285}
  - component: {fileID: 8845555313588220286}
  m_Layer: 0
  m_Name: cm
  m_TagString: Untagged
  m_Icon: {fileID: 0}
  m_NavMeshLayer: 0
  m_StaticEditorFlags: 0
  m_IsActive: 1
--- !u!4 &8845555313588220287
Transform:
  m_ObjectHideFlags: 0
  m_CorrespondingSourceObject: {fileID: 0}
  m_PrefabInstance: {fileID: 0}
  m_PrefabAsset: {fileID: 0}
  m_GameObject: {fileID: 8845555313588220272}
  m_LocalRotation: {x: -0, y: -0, z: -0, w: 1}
  m_LocalPosition: {x: 0, y: 0, z: 0}
  m_LocalScale: {x: 1, y: 1, z: 1}
  m_ConstrainProportionsScale: 0
  m_Children: []
  m_Father: {fileID: 8845555313364024947}
  m_RootOrder: 0
  m_LocalEulerAnglesHint: {x: 0, y: 0, z: 0}
--- !u!114 &8845555313588220284
MonoBehaviour:
  m_ObjectHideFlags: 0
  m_CorrespondingSourceObject: {fileID: 0}
  m_PrefabInstance: {fileID: 0}
  m_PrefabAsset: {fileID: 0}
  m_GameObject: {fileID: 8845555313588220272}
  m_Enabled: 1
  m_EditorHideFlags: 0
  m_Script: {fileID: 11500000, guid: ac0b09e7857660247b1477e93731de29, type: 3}
  m_Name: 
  m_EditorClassIdentifier: 
--- !u!114 &8845555313588220285
MonoBehaviour:
  m_ObjectHideFlags: 0
  m_CorrespondingSourceObject: {fileID: 0}
  m_PrefabInstance: {fileID: 0}
  m_PrefabAsset: {fileID: 0}
  m_GameObject: {fileID: 8845555313588220272}
  m_Enabled: 1
  m_EditorHideFlags: 0
  m_Script: {fileID: 11500000, guid: 9384ab8608cdc3d479fe89cd51eed48f, type: 3}
  m_Name: 
  m_EditorClassIdentifier: 
  m_BindingMode: 5
  m_FollowOffset: {x: 0, y: 2.5, z: -6}
  m_XDamping: 1
  m_YDamping: 1
  m_ZDamping: 1
  m_AngularDampingMode: 0
  m_PitchDamping: 0
  m_YawDamping: 0
  m_RollDamping: 0
  m_AngularDamping: 0
  m_Heading:
    m_Definition: 2
    m_VelocityFilterStrength: 4
    m_Bias: 0
  m_RecenterToTargetHeading:
    m_enabled: 0
    m_WaitTime: 1
    m_RecenteringTime: 2
    m_LegacyHeadingDefinition: -1
    m_LegacyVelocityFilterStrength: -1
  m_XAxis:
    Value: 0
    m_SpeedMode: 0
    m_MaxSpeed: 300
    m_AccelTime: 0.1
    m_DecelTime: 0.1
    m_InputAxisName: 
    m_InputAxisValue: 0
    m_InvertInput: 1
    m_MinValue: -180
    m_MaxValue: 180
    m_Wrap: 1
    m_Recentering:
      m_enabled: 0
      m_WaitTime: 1
      m_RecenteringTime: 2
      m_LegacyHeadingDefinition: -1
      m_LegacyVelocityFilterStrength: -1
  m_LegacyRadius: 3.4028235e+38
  m_LegacyHeightOffset: 3.4028235e+38
  m_LegacyHeadingBias: 3.4028235e+38
  m_HeadingIsSlave: 1
--- !u!114 &8845555313588220286
MonoBehaviour:
  m_ObjectHideFlags: 0
  m_CorrespondingSourceObject: {fileID: 0}
  m_PrefabInstance: {fileID: 0}
  m_PrefabAsset: {fileID: 0}
  m_GameObject: {fileID: 8845555313588220272}
  m_Enabled: 1
  m_EditorHideFlags: 0
  m_Script: {fileID: 11500000, guid: f4044717213e31446939f7bd49c896ea, type: 3}
  m_Name: 
  m_EditorClassIdentifier: 
  m_TrackedObjectOffset: {x: 0, y: 0, z: 0}
  m_LookaheadTime: 0
  m_LookaheadSmoothing: 0
  m_LookaheadIgnoreY: 0
  m_HorizontalDamping: 0
  m_VerticalDamping: 0
  m_ScreenX: 0.5
  m_ScreenY: 0.55
  m_DeadZoneWidth: 0
  m_DeadZoneHeight: 0
  m_SoftZoneWidth: 0.8
  m_SoftZoneHeight: 0.8
  m_BiasX: 0
  m_BiasY: 0
  m_CenterOnActivate: 1
--- !u!1 &8845555313793171072
GameObject:
  m_ObjectHideFlags: 0
  m_CorrespondingSourceObject: {fileID: 0}
  m_PrefabInstance: {fileID: 0}
  m_PrefabAsset: {fileID: 0}
  serializedVersion: 6
  m_Component:
  - component: {fileID: 8845555313793171085}
  - component: {fileID: 8845555313793171086}
  - component: {fileID: 8845555313793171087}
  - component: {fileID: 8845555313793171084}
  - component: {fileID: 8845555313793171083}
  m_Layer: 0
  m_Name: Main Camera
  m_TagString: MainCamera
  m_Icon: {fileID: 0}
  m_NavMeshLayer: 0
  m_StaticEditorFlags: 0
  m_IsActive: 1
--- !u!4 &8845555313793171085
Transform:
  m_ObjectHideFlags: 0
  m_CorrespondingSourceObject: {fileID: 0}
  m_PrefabInstance: {fileID: 0}
  m_PrefabAsset: {fileID: 0}
  m_GameObject: {fileID: 8845555313793171072}
  m_LocalRotation: {x: 0.1782474, y: 0.000000019604906, z: -0.0000000035513972, w: 0.9839857}
  m_LocalPosition: {x: 0, y: 3.5, z: -45.19}
  m_LocalScale: {x: 1, y: 1, z: 1}
  m_ConstrainProportionsScale: 0
  m_Children:
  - {fileID: 8845555315070593905}
  m_Father: {fileID: 0}
  m_RootOrder: 0
  m_LocalEulerAnglesHint: {x: 0, y: 0, z: 0}
--- !u!20 &8845555313793171086
Camera:
  m_ObjectHideFlags: 0
  m_CorrespondingSourceObject: {fileID: 0}
  m_PrefabInstance: {fileID: 0}
  m_PrefabAsset: {fileID: 0}
  m_GameObject: {fileID: 8845555313793171072}
  m_Enabled: 1
  serializedVersion: 2
  m_ClearFlags: 1
  m_BackGroundColor: {r: 0.19215687, g: 0.3019608, b: 0.4745098, a: 0}
  m_projectionMatrixMode: 1
  m_GateFitMode: 2
  m_FOVAxisMode: 0
  m_SensorSize: {x: 36, y: 24}
  m_LensShift: {x: 0, y: 0}
  m_FocalLength: 50
  m_NormalizedViewPortRect:
    serializedVersion: 2
    x: 0
    y: 0
    width: 1
    height: 1
  near clip plane: 0.1
  far clip plane: 5000
  field of view: 40
  orthographic: 0
  orthographic size: 10
  m_Depth: -1
  m_CullingMask:
    serializedVersion: 2
    m_Bits: 4294967295
  m_RenderingPath: -1
  m_TargetTexture: {fileID: 0}
  m_TargetDisplay: 0
  m_TargetEye: 3
  m_HDR: 1
  m_AllowMSAA: 1
  m_AllowDynamicResolution: 0
  m_ForceIntoRT: 0
  m_OcclusionCulling: 1
  m_StereoConvergence: 10
  m_StereoSeparation: 0.022
--- !u!81 &8845555313793171087
AudioListener:
  m_ObjectHideFlags: 0
  m_CorrespondingSourceObject: {fileID: 0}
  m_PrefabInstance: {fileID: 0}
  m_PrefabAsset: {fileID: 0}
  m_GameObject: {fileID: 8845555313793171072}
  m_Enabled: 1
--- !u!114 &8845555313793171084
MonoBehaviour:
  m_ObjectHideFlags: 0
  m_CorrespondingSourceObject: {fileID: 0}
  m_PrefabInstance: {fileID: 0}
  m_PrefabAsset: {fileID: 0}
  m_GameObject: {fileID: 8845555313793171072}
  m_Enabled: 1
  m_EditorHideFlags: 0
  m_Script: {fileID: 11500000, guid: a79441f348de89743a2939f4d699eac1, type: 3}
  m_Name: 
  m_EditorClassIdentifier: 
  m_RenderShadows: 1
  m_RequiresDepthTextureOption: 2
  m_RequiresOpaqueTextureOption: 2
  m_CameraType: 0
  m_Cameras: []
  m_RendererIndex: -1
  m_VolumeLayerMask:
    serializedVersion: 2
    m_Bits: 1
  m_VolumeTrigger: {fileID: 0}
  m_VolumeFrameworkUpdateModeOption: 2
  m_RenderPostProcessing: 1
  m_Antialiasing: 0
  m_AntialiasingQuality: 2
  m_StopNaN: 0
  m_Dithering: 0
  m_ClearDepth: 1
  m_AllowXRRendering: 1
  m_RequiresDepthTexture: 0
  m_RequiresColorTexture: 0
  m_Version: 2
--- !u!114 &8845555313793171083
MonoBehaviour:
  m_ObjectHideFlags: 0
  m_CorrespondingSourceObject: {fileID: 0}
  m_PrefabInstance: {fileID: 0}
  m_PrefabAsset: {fileID: 0}
  m_GameObject: {fileID: 8845555313793171072}
  m_Enabled: 1
  m_EditorHideFlags: 0
  m_Script: {fileID: 11500000, guid: 72ece51f2901e7445ab60da3685d6b5f, type: 3}
  m_Name: 
  m_EditorClassIdentifier: 
  m_ShowDebugText: 0
  m_ShowCameraFrustum: 1
  m_IgnoreTimeScale: 0
  m_WorldUpOverride: {fileID: 0}
  m_UpdateMethod: 2
  m_BlendUpdateMethod: 1
  m_DefaultBlend:
    m_Style: 1
    m_Time: 2
    m_CustomCurve:
      serializedVersion: 2
      m_Curve: []
      m_PreInfinity: 2
      m_PostInfinity: 2
      m_RotationOrder: 4
  m_CustomBlends: {fileID: 0}
  m_CameraCutEvent:
    m_PersistentCalls:
      m_Calls: []
  m_CameraActivatedEvent:
    m_PersistentCalls:
      m_Calls: []
--- !u!1 &8845555313802128585
GameObject:
  m_ObjectHideFlags: 3
  m_CorrespondingSourceObject: {fileID: 0}
  m_PrefabInstance: {fileID: 0}
  m_PrefabAsset: {fileID: 0}
  serializedVersion: 6
  m_Component:
  - component: {fileID: 8845555313802128599}
  - component: {fileID: 8845555313802128584}
  m_Layer: 0
  m_Name: TopRig
  m_TagString: Untagged
  m_Icon: {fileID: 0}
  m_NavMeshLayer: 0
  m_StaticEditorFlags: 0
  m_IsActive: 1
--- !u!4 &8845555313802128599
Transform:
  m_ObjectHideFlags: 3
  m_CorrespondingSourceObject: {fileID: 0}
  m_PrefabInstance: {fileID: 0}
  m_PrefabAsset: {fileID: 0}
  m_GameObject: {fileID: 8845555313802128585}
  m_LocalRotation: {x: -0.13088872, y: 0.00000001434185, z: -0.0000000083273335, w: 0.99139714}
  m_LocalPosition: {x: 0, y: 0, z: 0}
  m_LocalScale: {x: 1, y: 1, z: 1}
  m_ConstrainProportionsScale: 0
  m_Children:
  - {fileID: 8845555314637578565}
  m_Father: {fileID: 8845555315070593905}
  m_RootOrder: 1
  m_LocalEulerAnglesHint: {x: 0, y: 0, z: 0}
--- !u!114 &8845555313802128584
MonoBehaviour:
  m_ObjectHideFlags: 3
  m_CorrespondingSourceObject: {fileID: 0}
  m_PrefabInstance: {fileID: 0}
  m_PrefabAsset: {fileID: 0}
  m_GameObject: {fileID: 8845555313802128585}
  m_Enabled: 1
  m_EditorHideFlags: 0
  m_Script: {fileID: 11500000, guid: 45e653bab7fb20e499bda25e1b646fea, type: 3}
  m_Name: 
  m_EditorClassIdentifier: 
  m_ExcludedPropertiesInInspector:
  - m_Script
  - Header
  - Extensions
  - m_Priority
  - m_Transitions
  - m_Follow
  - m_StandbyUpdate
  - m_Lens
  m_LockStageInInspector: 00000000
  m_StreamingVersion: 20170927
  m_Priority: 10
  m_StandbyUpdate: 2
  m_LookAt: {fileID: 0}
  m_Follow: {fileID: 0}
  m_Lens:
    FieldOfView: 40
    OrthographicSize: 10
    NearClipPlane: 0.1
    FarClipPlane: 5000
    Dutch: 0
    ModeOverride: 0
    LensShift: {x: 0, y: 0}
    GateFit: 2
    m_SensorSize: {x: 1, y: 1}
  m_Transitions:
    m_BlendHint: 0
    m_InheritPosition: 0
    m_OnCameraLive:
      m_PersistentCalls:
        m_Calls: []
  m_LegacyBlendHint: 0
  m_ComponentOwner: {fileID: 8845555314637578565}
--- !u!1 &8845555314450676585
GameObject:
  m_ObjectHideFlags: 3
  m_CorrespondingSourceObject: {fileID: 0}
  m_PrefabInstance: {fileID: 0}
  m_PrefabAsset: {fileID: 0}
  serializedVersion: 6
  m_Component:
  - component: {fileID: 8845555314450676599}
  - component: {fileID: 8845555314450676584}
  m_Layer: 0
  m_Name: BottomRig
  m_TagString: Untagged
  m_Icon: {fileID: 0}
  m_NavMeshLayer: 0
  m_StaticEditorFlags: 0
  m_IsActive: 1
--- !u!4 &8845555314450676599
Transform:
  m_ObjectHideFlags: 3
  m_CorrespondingSourceObject: {fileID: 0}
  m_PrefabInstance: {fileID: 0}
  m_PrefabAsset: {fileID: 0}
  m_GameObject: {fileID: 8845555314450676585}
  m_LocalRotation: {x: -0.16681477, y: -0.0000000029217282, z: 0.0000000015573777,
    w: 0.9859883}
  m_LocalPosition: {x: 0, y: 0, z: 0}
  m_LocalScale: {x: 1, y: 1, z: 1}
  m_ConstrainProportionsScale: 0
  m_Children:
  - {fileID: 8845555314585726692}
  m_Father: {fileID: 8845555315070593905}
  m_RootOrder: 3
  m_LocalEulerAnglesHint: {x: 0, y: 0, z: 0}
--- !u!114 &8845555314450676584
MonoBehaviour:
  m_ObjectHideFlags: 3
  m_CorrespondingSourceObject: {fileID: 0}
  m_PrefabInstance: {fileID: 0}
  m_PrefabAsset: {fileID: 0}
  m_GameObject: {fileID: 8845555314450676585}
  m_Enabled: 1
  m_EditorHideFlags: 0
  m_Script: {fileID: 11500000, guid: 45e653bab7fb20e499bda25e1b646fea, type: 3}
  m_Name: 
  m_EditorClassIdentifier: 
  m_ExcludedPropertiesInInspector:
  - m_Script
  - Header
  - Extensions
  - m_Priority
  - m_Transitions
  - m_Follow
  - m_StandbyUpdate
  - m_Lens
  m_LockStageInInspector: 00000000
  m_StreamingVersion: 20170927
  m_Priority: 10
  m_StandbyUpdate: 2
  m_LookAt: {fileID: 0}
  m_Follow: {fileID: 0}
  m_Lens:
    FieldOfView: 40
    OrthographicSize: 10
    NearClipPlane: 0.1
    FarClipPlane: 5000
    Dutch: 0
    ModeOverride: 0
    LensShift: {x: 0, y: 0}
    GateFit: 2
    m_SensorSize: {x: 1, y: 1}
  m_Transitions:
    m_BlendHint: 0
    m_InheritPosition: 0
    m_OnCameraLive:
      m_PersistentCalls:
        m_Calls: []
  m_LegacyBlendHint: 0
  m_ComponentOwner: {fileID: 8845555314585726692}
--- !u!1 &8845555314585726693
GameObject:
  m_ObjectHideFlags: 0
  m_CorrespondingSourceObject: {fileID: 0}
  m_PrefabInstance: {fileID: 0}
  m_PrefabAsset: {fileID: 0}
  serializedVersion: 6
  m_Component:
  - component: {fileID: 8845555314585726692}
  - component: {fileID: 8845555314585726689}
  - component: {fileID: 8845555314585726690}
  - component: {fileID: 8845555314585726691}
  m_Layer: 0
  m_Name: cm
  m_TagString: Untagged
  m_Icon: {fileID: 0}
  m_NavMeshLayer: 0
  m_StaticEditorFlags: 0
  m_IsActive: 1
--- !u!4 &8845555314585726692
Transform:
  m_ObjectHideFlags: 0
  m_CorrespondingSourceObject: {fileID: 0}
  m_PrefabInstance: {fileID: 0}
  m_PrefabAsset: {fileID: 0}
  m_GameObject: {fileID: 8845555314585726693}
  m_LocalRotation: {x: -0, y: -0, z: -0, w: 1}
  m_LocalPosition: {x: 0, y: 0, z: 0}
  m_LocalScale: {x: 1, y: 1, z: 1}
  m_ConstrainProportionsScale: 0
  m_Children: []
  m_Father: {fileID: 8845555314450676599}
  m_RootOrder: 0
  m_LocalEulerAnglesHint: {x: 0, y: 0, z: 0}
--- !u!114 &8845555314585726689
MonoBehaviour:
  m_ObjectHideFlags: 0
  m_CorrespondingSourceObject: {fileID: 0}
  m_PrefabInstance: {fileID: 0}
  m_PrefabAsset: {fileID: 0}
  m_GameObject: {fileID: 8845555314585726693}
  m_Enabled: 1
  m_EditorHideFlags: 0
  m_Script: {fileID: 11500000, guid: ac0b09e7857660247b1477e93731de29, type: 3}
  m_Name: 
  m_EditorClassIdentifier: 
--- !u!114 &8845555314585726690
MonoBehaviour:
  m_ObjectHideFlags: 0
  m_CorrespondingSourceObject: {fileID: 0}
  m_PrefabInstance: {fileID: 0}
  m_PrefabAsset: {fileID: 0}
  m_GameObject: {fileID: 8845555314585726693}
  m_Enabled: 1
  m_EditorHideFlags: 0
  m_Script: {fileID: 11500000, guid: 9384ab8608cdc3d479fe89cd51eed48f, type: 3}
  m_Name: 
  m_EditorClassIdentifier: 
  m_BindingMode: 5
  m_FollowOffset: {x: 0, y: 2.5, z: -6}
  m_XDamping: 1
  m_YDamping: 1
  m_ZDamping: 1
  m_AngularDampingMode: 0
  m_PitchDamping: 0
  m_YawDamping: 0
  m_RollDamping: 0
  m_AngularDamping: 0
  m_Heading:
    m_Definition: 2
    m_VelocityFilterStrength: 4
    m_Bias: 0
  m_RecenterToTargetHeading:
    m_enabled: 0
    m_WaitTime: 1
    m_RecenteringTime: 2
    m_LegacyHeadingDefinition: -1
    m_LegacyVelocityFilterStrength: -1
  m_XAxis:
    Value: 0
    m_SpeedMode: 0
    m_MaxSpeed: 300
    m_AccelTime: 0.1
    m_DecelTime: 0.1
    m_InputAxisName: 
    m_InputAxisValue: 0
    m_InvertInput: 1
    m_MinValue: -180
    m_MaxValue: 180
    m_Wrap: 1
    m_Recentering:
      m_enabled: 0
      m_WaitTime: 1
      m_RecenteringTime: 2
      m_LegacyHeadingDefinition: -1
      m_LegacyVelocityFilterStrength: -1
  m_LegacyRadius: 3.4028235e+38
  m_LegacyHeightOffset: 3.4028235e+38
  m_LegacyHeadingBias: 3.4028235e+38
  m_HeadingIsSlave: 1
--- !u!114 &8845555314585726691
MonoBehaviour:
  m_ObjectHideFlags: 0
  m_CorrespondingSourceObject: {fileID: 0}
  m_PrefabInstance: {fileID: 0}
  m_PrefabAsset: {fileID: 0}
  m_GameObject: {fileID: 8845555314585726693}
  m_Enabled: 1
  m_EditorHideFlags: 0
  m_Script: {fileID: 11500000, guid: f4044717213e31446939f7bd49c896ea, type: 3}
  m_Name: 
  m_EditorClassIdentifier: 
  m_TrackedObjectOffset: {x: 0, y: 0, z: 0}
  m_LookaheadTime: 0
  m_LookaheadSmoothing: 0
  m_LookaheadIgnoreY: 0
  m_HorizontalDamping: 0
  m_VerticalDamping: 0
  m_ScreenX: 0.5
  m_ScreenY: 0.6
  m_DeadZoneWidth: 0
  m_DeadZoneHeight: 0
  m_SoftZoneWidth: 0.8
  m_SoftZoneHeight: 0.8
  m_BiasX: 0
  m_BiasY: 0
  m_CenterOnActivate: 1
--- !u!1 &8845555314626714583
GameObject:
  m_ObjectHideFlags: 0
  m_CorrespondingSourceObject: {fileID: 0}
  m_PrefabInstance: {fileID: 0}
  m_PrefabAsset: {fileID: 0}
  serializedVersion: 6
  m_Component:
  - component: {fileID: 8845555314626714582}
  - component: {fileID: 8845555314626714581}
  - component: {fileID: 8845555314626714579}
  - component: {fileID: 8845555314626714580}
  m_Layer: 0
  m_Name: cm
  m_TagString: Untagged
  m_Icon: {fileID: 0}
  m_NavMeshLayer: 0
  m_StaticEditorFlags: 0
  m_IsActive: 1
--- !u!4 &8845555314626714582
Transform:
  m_ObjectHideFlags: 0
  m_CorrespondingSourceObject: {fileID: 0}
  m_PrefabInstance: {fileID: 0}
  m_PrefabAsset: {fileID: 0}
  m_GameObject: {fileID: 8845555314626714583}
  m_LocalRotation: {x: -0, y: -0, z: -0, w: 1}
  m_LocalPosition: {x: 0, y: -6, z: 10}
  m_LocalScale: {x: 1, y: 1, z: 1}
  m_ConstrainProportionsScale: 0
  m_Children: []
  m_Father: {fileID: 8845555315070593905}
  m_RootOrder: 0
  m_LocalEulerAnglesHint: {x: 0, y: 0, z: 0}
--- !u!114 &8845555314626714581
MonoBehaviour:
  m_ObjectHideFlags: 0
  m_CorrespondingSourceObject: {fileID: 0}
  m_PrefabInstance: {fileID: 0}
  m_PrefabAsset: {fileID: 0}
  m_GameObject: {fileID: 8845555314626714583}
  m_Enabled: 1
  m_EditorHideFlags: 0
  m_Script: {fileID: 11500000, guid: ac0b09e7857660247b1477e93731de29, type: 3}
  m_Name: 
  m_EditorClassIdentifier: 
--- !u!114 &8845555314626714579
MonoBehaviour:
  m_ObjectHideFlags: 0
  m_CorrespondingSourceObject: {fileID: 0}
  m_PrefabInstance: {fileID: 0}
  m_PrefabAsset: {fileID: 0}
  m_GameObject: {fileID: 8845555314626714583}
  m_Enabled: 1
  m_EditorHideFlags: 0
  m_Script: {fileID: 11500000, guid: bd6043bde05a7fc4cba197d06915c1e3, type: 3}
  m_Name: 
  m_EditorClassIdentifier: 
  Damping: {x: 0.1, y: 0.5, z: 0.3}
  ShoulderOffset: {x: 0, y: 2.75, z: 0}
  VerticalArmLength: 2.29
  CameraSide: 1
  CameraDistance: 6.53
  CameraCollisionFilter:
    serializedVersion: 2
    m_Bits: 0
  IgnoreTag: 
  CameraRadius: 0.2
  DampingIntoCollision: 0
  DampingFromCollision: 2
--- !u!114 &8845555314626714580
MonoBehaviour:
  m_ObjectHideFlags: 0
  m_CorrespondingSourceObject: {fileID: 0}
  m_PrefabInstance: {fileID: 0}
  m_PrefabAsset: {fileID: 0}
  m_GameObject: {fileID: 8845555314626714583}
  m_Enabled: 1
  m_EditorHideFlags: 0
  m_Script: {fileID: 11500000, guid: f4044717213e31446939f7bd49c896ea, type: 3}
  m_Name: 
  m_EditorClassIdentifier: 
  m_TrackedObjectOffset: {x: 0, y: 0, z: 0}
  m_LookaheadTime: 0.247
  m_LookaheadSmoothing: 2.1
  m_LookaheadIgnoreY: 0
  m_HorizontalDamping: 0.5
  m_VerticalDamping: 0.5
  m_ScreenX: 0.5
  m_ScreenY: 0.5
  m_DeadZoneWidth: 0
  m_DeadZoneHeight: 0
  m_SoftZoneWidth: 0.8
  m_SoftZoneHeight: 0.8
  m_BiasX: 0
  m_BiasY: 0
  m_CenterOnActivate: 1
--- !u!1 &8845555314637578566
GameObject:
  m_ObjectHideFlags: 0
  m_CorrespondingSourceObject: {fileID: 0}
  m_PrefabInstance: {fileID: 0}
  m_PrefabAsset: {fileID: 0}
  serializedVersion: 6
  m_Component:
  - component: {fileID: 8845555314637578565}
  - component: {fileID: 8845555314637578562}
  - component: {fileID: 8845555314637578563}
  - component: {fileID: 8845555314637578564}
  m_Layer: 0
  m_Name: cm
  m_TagString: Untagged
  m_Icon: {fileID: 0}
  m_NavMeshLayer: 0
  m_StaticEditorFlags: 0
  m_IsActive: 1
--- !u!4 &8845555314637578565
Transform:
  m_ObjectHideFlags: 0
  m_CorrespondingSourceObject: {fileID: 0}
  m_PrefabInstance: {fileID: 0}
  m_PrefabAsset: {fileID: 0}
  m_GameObject: {fileID: 8845555314637578566}
  m_LocalRotation: {x: -0, y: -0, z: -0, w: 1}
  m_LocalPosition: {x: 0, y: 0, z: 0}
  m_LocalScale: {x: 1, y: 1, z: 1}
  m_ConstrainProportionsScale: 0
  m_Children: []
  m_Father: {fileID: 8845555313802128599}
  m_RootOrder: 0
  m_LocalEulerAnglesHint: {x: 0, y: 0, z: 0}
--- !u!114 &8845555314637578562
MonoBehaviour:
  m_ObjectHideFlags: 0
  m_CorrespondingSourceObject: {fileID: 0}
  m_PrefabInstance: {fileID: 0}
  m_PrefabAsset: {fileID: 0}
  m_GameObject: {fileID: 8845555314637578566}
  m_Enabled: 1
  m_EditorHideFlags: 0
  m_Script: {fileID: 11500000, guid: ac0b09e7857660247b1477e93731de29, type: 3}
  m_Name: 
  m_EditorClassIdentifier: 
--- !u!114 &8845555314637578563
MonoBehaviour:
  m_ObjectHideFlags: 0
  m_CorrespondingSourceObject: {fileID: 0}
  m_PrefabInstance: {fileID: 0}
  m_PrefabAsset: {fileID: 0}
  m_GameObject: {fileID: 8845555314637578566}
  m_Enabled: 1
  m_EditorHideFlags: 0
  m_Script: {fileID: 11500000, guid: 9384ab8608cdc3d479fe89cd51eed48f, type: 3}
  m_Name: 
  m_EditorClassIdentifier: 
  m_BindingMode: 5
  m_FollowOffset: {x: 0, y: 2.5, z: -6}
  m_XDamping: 1
  m_YDamping: 1
  m_ZDamping: 1
  m_AngularDampingMode: 0
  m_PitchDamping: 0
  m_YawDamping: 0
  m_RollDamping: 0
  m_AngularDamping: 0
  m_Heading:
    m_Definition: 2
    m_VelocityFilterStrength: 4
    m_Bias: 0
  m_RecenterToTargetHeading:
    m_enabled: 0
    m_WaitTime: 1
    m_RecenteringTime: 2
    m_LegacyHeadingDefinition: -1
    m_LegacyVelocityFilterStrength: -1
  m_XAxis:
    Value: 0
    m_SpeedMode: 0
    m_MaxSpeed: 300
    m_AccelTime: 0.1
    m_DecelTime: 0.1
    m_InputAxisName: 
    m_InputAxisValue: 0
    m_InvertInput: 1
    m_MinValue: -180
    m_MaxValue: 180
    m_Wrap: 1
    m_Recentering:
      m_enabled: 0
      m_WaitTime: 1
      m_RecenteringTime: 2
      m_LegacyHeadingDefinition: -1
      m_LegacyVelocityFilterStrength: -1
  m_LegacyRadius: 3.4028235e+38
  m_LegacyHeightOffset: 3.4028235e+38
  m_LegacyHeadingBias: 3.4028235e+38
  m_HeadingIsSlave: 1
--- !u!114 &8845555314637578564
MonoBehaviour:
  m_ObjectHideFlags: 0
  m_CorrespondingSourceObject: {fileID: 0}
  m_PrefabInstance: {fileID: 0}
  m_PrefabAsset: {fileID: 0}
  m_GameObject: {fileID: 8845555314637578566}
  m_Enabled: 1
  m_EditorHideFlags: 0
  m_Script: {fileID: 11500000, guid: f4044717213e31446939f7bd49c896ea, type: 3}
  m_Name: 
  m_EditorClassIdentifier: 
  m_TrackedObjectOffset: {x: 0, y: 0, z: 0}
  m_LookaheadTime: 0
  m_LookaheadSmoothing: 0
  m_LookaheadIgnoreY: 0
  m_HorizontalDamping: 0
  m_VerticalDamping: 0
  m_ScreenX: 0.5
  m_ScreenY: 0.5
  m_DeadZoneWidth: 0
  m_DeadZoneHeight: 0
  m_SoftZoneWidth: 0.8
  m_SoftZoneHeight: 0.8
  m_BiasX: 0
  m_BiasY: 0
  m_CenterOnActivate: 1
--- !u!1 &8845555315070593906
GameObject:
  m_ObjectHideFlags: 0
  m_CorrespondingSourceObject: {fileID: 0}
  m_PrefabInstance: {fileID: 0}
  m_PrefabAsset: {fileID: 0}
  serializedVersion: 6
  m_Component:
  - component: {fileID: 8845555315070593905}
  - component: {fileID: 8845555315070593915}
  - component: {fileID: 8845555315070593917}
  - component: {fileID: 8845555315070593916}
  m_Layer: 0
  m_Name: CameraController
  m_TagString: Untagged
  m_Icon: {fileID: 0}
  m_NavMeshLayer: 0
  m_StaticEditorFlags: 0
  m_IsActive: 1
--- !u!4 &8845555315070593905
Transform:
  m_ObjectHideFlags: 0
  m_CorrespondingSourceObject: {fileID: 0}
  m_PrefabInstance: {fileID: 0}
  m_PrefabAsset: {fileID: 0}
  m_GameObject: {fileID: 8845555315070593906}
  m_LocalRotation: {x: 0.14890003, y: 0.000000003453907, z: -0.0000000019223074, w: 0.9888523}
  m_LocalPosition: {x: 0, y: 0, z: 0}
  m_LocalScale: {x: 1, y: 1, z: 1}
  m_ConstrainProportionsScale: 0
  m_Children:
  - {fileID: 8845555314626714582}
  - {fileID: 8845555313802128599}
  - {fileID: 8845555313364024947}
  - {fileID: 8845555314450676599}
  m_Father: {fileID: 8845555313793171085}
  m_RootOrder: 0
  m_LocalEulerAnglesHint: {x: 0, y: 0, z: 0}
--- !u!114 &8845555315070593915
MonoBehaviour:
  m_ObjectHideFlags: 0
  m_CorrespondingSourceObject: {fileID: 0}
  m_PrefabInstance: {fileID: 0}
  m_PrefabAsset: {fileID: 0}
  m_GameObject: {fileID: 8845555315070593906}
  m_Enabled: 1
  m_EditorHideFlags: 0
  m_Script: {fileID: 11500000, guid: 319d2fe34a804e245819465c9505ea59, type: 3}
  m_Name: 
  m_EditorClassIdentifier: 
  m_ExcludedPropertiesInInspector:
  - m_Script
  m_LockStageInInspector: 
  m_StreamingVersion: 20170927
  m_Priority: 11
  m_StandbyUpdate: 2
  m_LookAt: {fileID: 0}
  m_Follow: {fileID: 0}
  m_CommonLens: 1
  m_Lens:
    FieldOfView: 40
    OrthographicSize: 10
    NearClipPlane: 0.1
    FarClipPlane: 5000
    Dutch: 0
    ModeOverride: 0
    LensShift: {x: 0, y: 0}
    GateFit: 2
    m_SensorSize: {x: 1, y: 1}
  m_Transitions:
    m_BlendHint: 0
    m_InheritPosition: 0
    m_OnCameraLive:
      m_PersistentCalls:
        m_Calls: []
  m_LegacyBlendHint: 0
  m_YAxis:
    Value: 0.5
    m_SpeedMode: 0
    m_MaxSpeed: 0.5
    m_AccelTime: 0.5
    m_DecelTime: 0.1
    m_InputAxisName: Mouse Y
    m_InputAxisValue: 0
    m_InvertInput: 1
    m_MinValue: 0
    m_MaxValue: 1
    m_Wrap: 0
    m_Recentering:
      m_enabled: 0
      m_WaitTime: 1
      m_RecenteringTime: 2
      m_LegacyHeadingDefinition: -1
      m_LegacyVelocityFilterStrength: -1
  m_YAxisRecentering:
    m_enabled: 0
    m_WaitTime: 1
    m_RecenteringTime: 2
    m_LegacyHeadingDefinition: -1
    m_LegacyVelocityFilterStrength: -1
  m_XAxis:
    Value: 0
    m_SpeedMode: 0
    m_MaxSpeed: 150
    m_AccelTime: 0.5
    m_DecelTime: 0.1
    m_InputAxisName: Mouse X
    m_InputAxisValue: 0
    m_InvertInput: 0
    m_MinValue: -180
    m_MaxValue: 180
    m_Wrap: 1
    m_Recentering:
      m_enabled: 0
      m_WaitTime: 1
      m_RecenteringTime: 2
      m_LegacyHeadingDefinition: -1
      m_LegacyVelocityFilterStrength: -1
  m_Heading:
    m_Definition: 2
    m_VelocityFilterStrength: 4
    m_Bias: 0
  m_RecenterToTargetHeading:
    m_enabled: 0
    m_WaitTime: 1
    m_RecenteringTime: 2
    m_LegacyHeadingDefinition: -1
    m_LegacyVelocityFilterStrength: -1
  m_BindingMode: 5
  m_SplineCurvature: 0.2
  m_Orbits:
  - m_Height: 4.5
    m_Radius: 1.75
  - m_Height: 2.5
    m_Radius: 6
  - m_Height: 0.4
    m_Radius: 1.3
  m_LegacyHeadingBias: 3.4028235e+38
  m_Rigs:
  - {fileID: 8845555313802128584}
  - {fileID: 8845555313364024948}
  - {fileID: 8845555314450676584}
--- !u!114 &8845555315070593917
MonoBehaviour:
  m_ObjectHideFlags: 0
  m_CorrespondingSourceObject: {fileID: 0}
  m_PrefabInstance: {fileID: 0}
  m_PrefabAsset: {fileID: 0}
  m_GameObject: {fileID: 8845555315070593906}
  m_Enabled: 0
  m_EditorHideFlags: 0
  m_Script: {fileID: 11500000, guid: e501d18bb52cf8c40b1853ca4904654f, type: 3}
  m_Name: 
  m_EditorClassIdentifier: 
  m_CollideAgainst:
    serializedVersion: 2
    m_Bits: 1
  m_IgnoreTag: 
  m_TransparentLayers:
    serializedVersion: 2
    m_Bits: 0
  m_MinimumDistanceFromTarget: 0.1
  m_AvoidObstacles: 1
  m_DistanceLimit: 0
  m_MinimumOcclusionTime: 0
  m_CameraRadius: 0.1
  m_Strategy: 2
  m_MaximumEffort: 4
  m_SmoothingTime: 0
  m_Damping: 0.2
  m_DampingWhenOccluded: 0.2
  m_OptimalTargetDistance: 0
--- !u!114 &8845555315070593916
MonoBehaviour:
  m_ObjectHideFlags: 0
  m_CorrespondingSourceObject: {fileID: 0}
  m_PrefabInstance: {fileID: 0}
  m_PrefabAsset: {fileID: 0}
  m_GameObject: {fileID: 8845555315070593906}
  m_Enabled: 1
  m_EditorHideFlags: 0
  m_Script: {fileID: 11500000, guid: 67a0856cc56589646a233ba9096ff0f6, type: 3}
  m_Name: 
  m_EditorClassIdentifier: 
  PlayerIndex: -1
  AutoEnableInputs: 1
  XYAxis: {fileID: 4062718612883127170, guid: 3c45aebe944a5094d8f60e64549eaaad, type: 3}
  ZAxis: {fileID: 0}
  yAxisEnabled: 0
  playerInput: {fileID: 0}
